4616 5696
1059 427 1095 490 11

287 634 315 696 1.
338 624 452 712 Suppl.
477 631 553 693 19οε
576 627 694 714 πάτερ,
718 629 929 714 φρονούντως
951 629 1033 715 πρὸς
1054 631 1264 716 φρονοῦντας
1287 633 1424 702 ἐννέπεις
1447 632 1504 708 (sc.
1528 626 1608 711 πρός
1629 627 1810 710 Ἱκέτιδας);

285 735 314 795 2.
338 725 453 814 Suppl.
478 731 555 795 196:
580 721 608 792 cl
630 729 706 806 Ζεῦ,
727 728 841 796 κόπων
862 736 1002 814 οίκτειρε
1023 727 1068 814 μὴ
1091 731 1304 808 ἀπολωλότας
1328 735 1386 810 (sc.
1406 729 1590 810 Ἱκέτιδας);

286 836 315 898 3.
339 830 452 916 Suppl.
476 835 552 898 258:
576 835 659 911 έχων
681 829 760 897 δ’άν
782 827 842 912 ἤδη
865 833 937 900 τάπ’
963 839 1044 914 ἐμοῦ
1065 835 1227 920 τεκμήρια
1252 841 1312 916 (sc.
1335 838 1355 914 ἠ
1378 837 1445 898 τάν
1464 832 1627 901 Ἱκετίδων
1643 835 1814 917 χορηγός);

286 938 315 1000 4.
339 930 455 1018 Suppl.
478 937 555 1000 868:
579 939 607 999 εί
628 933 673 1016 μή
695 959 744 1012 τις
765 939 798 1010 ές
819 944 902 1002 ναῦν
923 933 1008 1003 εἶσιν
1030 940 1166 1012 αίνέοας
1187 937 1268 1002 τάδε
1292 938 1354 1018 (τίς
1376 957 1420 1002 sc.
1443 939 1512 1000 τῶν
1533 935 1724 1016 ‘lateranen

287 1039 317 1102 5.
340 1032 453 1120 Suppl.
477 1039 555 1102 988:
577 1041 626 1101 ίτε
646 1035 715 1116 μάν
738 1035 977 1114 ἀστυάνακτας
998 1045 1155 1125 μάκαρας
1176 1037 1281 1114 θεοὺς
1303 1040 1485 1122 γανάοντες
1508 1043 1567 1118 (sc.
1586 1035 1762 1116 Ἱκέτιδες);

288 1141 316 1202 6.
337 1135 456 1222 Agam.
481 1142 559 1205 5402
582 1138 701 1226 δρόσοι
725 1186 732 1201 .
754 1187 762 1202 .
786 1140 939 1216 τιθέντες
961 1140 1114 1227 άνθηρόν
1131 1142 1227 1226 χρόα.

286 1240 398 1324 Atque
420 1238 581 1306 Kuehner
602 1245 622 1324 ξ
644 1246 716 1306 371.
740 1246 759 1306 2
781 1262 856 1326 pag.
880 1248 921 1308 74
943 1242 1062 1308 similia
1089 1243 1154 1308 alia
1177 1243 1315 1310 contulit
1343 1241 1507 1326 exempla,
1535 1239 1593 1305 sed
1615 1239 1773 1305 eiusmodi
1795 1238 1962 1322 pleraque,

201 1343 239 1406 ut
267 1361 334 1407 una
360 1341 477 1407 mulier
503 1342 544 1408 de
573 1363 608 1408 se
633 1342 707 1428 ipsa
735 1347 848 1409 utatur
872 1344 992 1428 plurali
1018 1364 1151 1410 numero
1174 1345 1301 1428 generis
1323 1342 1508 1420 masculini,
1541 1347 1578 1408 ut
1599 1340 1767 1424 Antigona
1794 1341 1884 1426 apud
1906 1339 1965 1408 So·

202 1441 353 1526 phcclcm
377 1440 470 1524 (Ant.
493 1447 570 1525 926)
593 1443 633 1510 de
661 1463 695 1510 se
717 1442 800 1511 haec
826 1443 919 1511 dicit:
952 1447 1125 1522 παθόντες
1152 1442 1196 1513 olo
1223 1445 1416 1530 ξυγγνοῖμεν
1443 1445 1671 1530 ἡμαρτηκότες
1698 1449 1760 1508 etc.
1805 1441 1873 1508 Sed
1904 1443 1966 1509 hoc

201 1563 264 1608 usu
286 1543 410 1610 nullum
431 1544 690 1631 Aeschyleorum
712 1547 934 1631 exemplorum
956 1555 1145 1632 excusatum
1169 1570 1245 1615 nam
1268 1549 1459 1634 Supplicem
1481 1568 1593 1613 versus
1619 1551 1679 1613 190
1702 1551 1736 1611 et
1760 1551 1819 1611 196
1842 1546 1891 1610 ita
1913 1567 1967 1612 ex·

203 1643 327 1729 plicare
354 1651 505 1712 vetamur
533 1668 585 1727 eo,
618 1648 705 1732 quod
732 1647 868 1734 pluralis
890 1671 1043 1717 numerus
1070 1653 1113 1718 ad
1140 1655 1245 1716 totum
1270 1650 1420 1730 chorum,
1452 1669 1517 1716 non
1539 1649 1583 1714 ad
1611 1649 1714 1714 solam
1737 1648 1828 1714 chori
1852 1648 1966 1714 ducem

203 1747 352 1813 refertur.
397 1747 505 1816 Unum
528 1755 638 1815 tamen
660 1748 853 1836 Aeschyleis
876 1753 1030 1836 exemplis
1053 1752 1260 1836 aliquomodo
1283 1752 1422 1817 similem
1443 1750 1551 1817 locum
1572 1749 1732 1816 Kuehoer
1753 1751 1863 1816 attulit
1885 1751 1968 1816 Eur.

205 1847 306 1934 Hipp.
333 1855 428 1916 1105:
461 1851 593 1931 ξύνεσιν
617 1852 656 1917 δέ
683 1853 740 1918 τιν’
778 1855 882 1919 ἐλπίδι
907 1853 1047 1920 κεύθων
1076 1857 1227 1937 λείπομαι
1253 1859 1287 1923 ἔν
1315 1875 1351 1922 τε
1374 1855 1489 1934 τύχαις
1505 1853 1662 1930 Ιθνατῶν
1683 1853 1740 1916 καὶ
1771 1857 1806 1917 έν
1828 1853 1968 1938 ἔργμασι

205 1951 370 2030 λεύσσωνς
397 1953 589 2021 scholiastes
611 1960 743 2039 poetam
766 1976 825 2023 sua
845 1956 909 2021 hoc
930 1957 1002 2023 loco
1024 1956 1125 2022 verba
1147 1957 1311 2040 attulisse,
1335 1977 1400 2024 non
1423 1955 1515 2022 chori
1538 1954 1644 2034 ducis,
1667 1960 1817 2034 excusat3
1851 1953 1967 2019 sedut

202 2052 273 2119 iure
300 2055 504 2120 excusaverit
532 2076 654 2122 vereor.
676 2094 720 2108 -·
741 2057 817 2124 Hoc
844 2061 954 2123 tamon
981 2067 1131 2124 constare
1162 2065 1257 2143 puto,
1286 2081 1360 2127 eum
1383 2059 1423 2124 de
1446 2079 1511 2143 quo
1538 2057 1663 2142 agimus
1685 2055 1851 2139 participii
1874 2076 1967 2125 usum

204 2151 425 2240 Aeschyleum
447 2157 566 2224 iniuria
587 2160 702 2244 negari
722 2179 829 2243 neque
850 2160 970 2227 iustam
993 2161 1188 2227 emendandi
1211 2182 1346 2228 causam
1361 2167 1500 2226 exstare.

288 2255 429 2324 Praeter
449 2259 507 2325 illa
527 2280 611 2342 quae
627 2261 807 2328 examinavi
828 2262 1003 2347 participia
1018 2262 1213 2329 adiectivum
1236 2284 1364 2348 quoqne
1387 2262 1535 2346 άνεμόεις
1556 2261 1591 2326 in
1606 2258 1700 2326 Cho.
1723 2258 1967 2325 castratione

206 2358 333 2436 eadem,
364 2381 429 2445 qua
450 2361 507 2428 illa
529 2362 704 2448 participia
724 2364 885 2430 invenitur
903 2366 1058 2445 iunctum,
1088 2369 1122 2430 et
1137 2387 1210 2437 cum
1225 2365 1269 2432 ad
1284 2364 1368 2431 hanc
1388 2363 1613 2447 quaestionem
1628 2362 1792 2445 pertinere
1807 2365 1967 2444 putarem,

206 2463 392 2529 examinare
408 2465 570 2530 constitui.
582 2503 625 2512 -
635 2463 689 2530 Ex
704 2466 898 2531 coniecturis
915 2465 1079 2533 Schuetzii
1093 2467 1160 2553 γάρ
1176 2467 1222 2533 Μ.
1234 2469 1268 2533 in
1283 2469 1329 2549 γά
1343 2465 1499 2534 mutantis
1515 2470 1548 2530 et
1559 2463 1696 2530 Heathii
1711 2467 1772 2527 καί
1785 2467 1859 2547 post
1874 2463 1966 2527 δεινά

207 2561 344 2630 delentis
359 2565 485 2650 priores
507 2565 601 2632 huius
624 2567 777 2651 strophae
799 2588 911 2633 versus
934 2569 981 2634 sic
995 2568 1091 2654 vulgo
1106 2569 1306 2636 scribuntur:
1330 2571 1439 2636 πολλά
1459 2569 1519 2648 μέν
1540 2571 1586 2648 γά
1608 2571 1723 2652 τρέφει
1746 2564 1836 2630 δεινά
1857 2565 1968 2648 δειμά-

208 2689 273 2734 των
288 2661 360 2746 άχιγ.
388 2666 469 2734 Mox
478 2665 687 2736 Hermannus
701 2670 855 2758 βρύουσι·
872 2671 1042 2738 πλάθουσι
1056 2672 1114 2736 καλ
1128 2693 1188 2755 pro
1202 2671 1353 2757 βροτοῖσι
1368 2671 1541 2738 πλάθουσι
1556 2669 1740 2754 βλαστοῦσι
1755 2667 1813 2732 καὶ
1828 2667 1968 2750 scripsit,

208 2773 245 2833 ut
267 2769 511 2854 responsionem
534 2793 607 2838 cum
630 2772 836 2858 antistropha
850 2774 1051 2854 restitueret,
1074 2773 1189 2840 eadem
1211 2773 1252 2838 dc
1275 2794 1375 2840 causa
1389 2772 1579 2838 Diodorflus
1600 2770 1773 2855 βροτοῖσι·
1796 2768 1969 2834 πλάθουσι

207 2875 274 2935 καί.
319 2871 526 2956 insequentis
548 2893 660 2940 versus
683 2875 839 2962 πεδάοροι
861 2897 920 2961 pro
943 2876 1127 2963 πεδάμαροι
1142 2875 1190 2942 Μ.
1205 2897 1226 2942 a
1241 2872 1389 2941 Stanleio
1411 2875 1569 2958 scriptum
1591 2877 1626 2937 et
1647 2871 1839 2938 scholiastes
1863 2867 1968 2954 (οἶμαι

207 2973 373 3060 πέδουροι,
408 2975 449 3039 ἵν’
482 2969 504 3059 ᾖ
531 2975 570 3040 τὸ
600 2977 840 3059 σημαινόμενον
861 2984 1032 3064 μετέωροι)
1055 2984 1088 3044 et
1110 2998 1221 3044 omnes
1249 2978 1339 3044 docti
1361 2977 1662 3061 comprobaverunt.
1706 2972 1819 3058 Ipsam
1841 2973 1881 3038 de
1905 2994 1969 3057 qua

208 3075 332 3158 agimm
355 3075 492 3142 formam
508 3078 721 3145 masculinam
742 3099 853 3145 omnes
875 3080 1092 3156 retinuerunt,
1113 3081 1178 3146 nisi
1201 3080 1288 3164 quod
1303 3077 1528 3146 Blomfieldius
1551 3075 1741 3160 κάνεμόεντ’
1766 3071 1810 3141 δν
1832 3077 1969 3156 αἰγίδων

209 3175 357 3262 φράσαις
379 3178 480 3245 κότον
501 3180 656 3263 coniecit3
679 3181 737 3247 ssd
760 3183 1013 3248 constructionis
1035 3183 1143 3266 gratia
1165 3184 1375 3250 Hermannus
1398 3179 1530 3264 scripsit
1551 3179 1747 3264 πεδοβάμον’
1772 3181 1827 3244 ἀπ’
1854 3177 1969 3259 άνεμο-

207 3285 309 3346 ίντων
331 3287 366 3347 st
386 3279 544 3348 Francius
567 3283 763 3368 πεδοβάμον’
788 3279 832 3349 άν
853 3284 1067 3365 ιἰνεμοέντων.
1091 3324 1132 3334 -
1154 3283 1345 3370 Legendum
1367 3303 1438 3348 esse
1467 3281 1572 3360 πολλά
1594 3282 1654 3362 μέν
1676 3285 1721 3362 γά
1744 3285 1857 3367 τρέφει
1879 3279 1969 3346 δεινά

209 3382 379 3463 δειμάτων
401 3379 467 3463 άχη
489 3388 522 3450 et
544 3385 716 3466 λαμπάδες
738 3385 891 3470 πεδάοροι
908 3408 981 3452 cum
1005 3385 1152 3454 omnibus
1170 3387 1345 3453 consentio.
1390 3383 1566 3449 Difficilius
1582 3388 1634 3446 cst
1648 3381 1837 3461 diiudicare,
1860 3387 1969 3447 utrum

209 3483 321 3567 quinto
349 3485 455 3551 versui
483 3486 677 3552 vocabulum
704 3487 800 3554 huius
831 3487 956 3555 formae
977 3527 1072 3538 —--
1090 3519 1127 3542 υ
1152 3487 1335 3556 adimamus
1369 3487 1573 3572 (βλαστοῦσι
1606 3489 1665 3549 aut
1693 3483 1894 3566 πλάθουσι),
1928 3505 1970 3548 an

211 3587 318 3653 versui
343 3587 578 3673 anhatrcphico
601 3588 775 3671 addamus,
809 3589 866 3655 sad
889 3591 966 3675 quia
992 3590 1075 3658 haec
1095 3590 1175 3655 mihi
1202 3611 1276 3656 cum
1301 3588 1408 3655 alters
1430 3587 1619 3672 quaestione
1642 3585 1817 3652 cohaerere
1832 3586 1968 3668 videtur,

209 3695 412 3772 praestatae,
440 3689 645 3775 άνεμοέντων
666 3693 807 3774 αἰγίδων
830 3695 1084 3780 φράσαι“κότον
1106 3692 1149 3758 ad
1171 3713 1211 3758 ea
1233 3712 1317 3777 quae
1346 3690 1544 3756 antecedunt
1565 3687 1681 3754 referri
1702 3709 1745 3754 an
1766 3688 1849 3754 haec
1871 3689 2086 3780 nerbas,
2102 3665 2298 3794 αἶα-η.

210 3792 458 3858 venerantiam
480 3793 553 3859 loco
575 3799 727 3878 putemus
749 3814 820 3860 esse
843 3793 947 3860 dicta:
969 3794 1003 3861 in
1024 3795 1208 3860 universum
1230 3812 1364 3860 necesse
1387 3796 1438 3857 est
1461 3790 1641 3874 disputare,
1666 3810 1750 3873 quae
1771 3789 1873 3854 verba
1895 3811 1970 3856 con·

209 3892 372 3978 iungenda
401 3913 472 3960 esse
499 3897 734 3962 sententiarum
767 3895 894 3963 rationo
916 3896 967 3961 rel
989 3895 1061 3960 aliis
1092 3895 1262 3962 decausis
1286 3894 1495 3960 adducamur.
1544 3889 1656 3976 Atque
1685 3891 1836 3958 dubitare
1863 3893 1971 3959 adhuc

211 3993 278 4060 dixi
298 3995 385 4062 viros
408 3995 535 4076 doctos,
568 4003 677 4063 utrum
706 3998 806 4064 verba
832 3991 1038 4080 άνεμοέντοιν
1066 3999 1206 4078 αἰγίδων
1234 3997 1367 4084 φράσαι
1395 3995 1495 4062 κότον
1521 3995 1565 4060 ad
1593 3994 1762 4078 superiora
1783 3994 1970 4074 referenda,

211 4119 253 4164 an
273 4098 345 4183 ipsa
368 4099 529 4165 enunhati
558 4099 631 4166 loco
655 4098 805 4165 ducenda
831 4106 948 4165 essent
992 4099 1072 4164 Mea
1099 4100 1232 4183 quidem
1261 4100 1423 4164 sententia
1450 4097 1599 4180 quaestio
1629 4095 1760 4161 scholiis
1789 4096 1970 4179 expeditur.

210 4196 267 4265 Ad
281 4200 380 4266 rerba
395 4201 481 4266 enim
496 4200 641 4267 Medicci
657 4208 810 4286 corrupta
825 4201 930 4266 πολλά
952 4203 1012 4282 μέν
1033 4201 1100 4288 γάρ
1122 4207 1238 4289 τρέφει
1260 4201 1352 4267 δεινοὶ
1375 4201 1432 4265 καί
1454 4200 1621 4285 δειμάτων
1643 4195 1707 4276 clm
1728 4198 1791 4264 hoc
1813 4197 1970 4265 scholium

209 4302 371 4368 invenitur
392 4303 606 4387 adscriptum:
639 4303 745 4370 πολλοὶ
773 4307 880 4369 τίκτει
906 4303 925 4367 ό
951 4297 1016 4392 άὴρ
1043 4307 1081 4367 έκ
1112 4311 1169 4384 τῆς
1195 4305 1334 4383 ἡλιακῆς
1365 4302 1500 4377 άκτῖνος
1523 4301 1631 4380 πτηνά
1653 4301 1711 4364 nal
1733 4299 1873 4384 ἑρπετά·
1908 4303 1971 4364 είσὶ

209 4401 278 4491 γάρ
306 4401 399 4489 ὄφεις
426 4405 463 4485 ἐξ
488 4404 587 4492 άέρος
613 4409 801 4483 πίπτοντες;
834 4405 893 4470 sed
922 4406 985 4470 hoc
1018 4405 1347 4490 interpretamentum
1378 4405 1448 4471 siue
1476 4404 1575 4469 dubio
1606 4405 1748 4487 pertinet
1780 4401 1824 4466 ad
1856 4422 1884 4465 r.
1908 4406 1969 4467 583

210 4507 396 4590 βλαστοῦσι
426 4511 483 4572 κιιὶ
511 4508 695 4591 πεδαίχμιοι
723 4507 893 4589 λαμπάδες
919 4512 989 4584 ath
1023 4505 1176 4573 adhaec
1204 4511 1315 4572 autem
1342 4507 1414 4591 ipsa
1437 4506 1584 4571 codicum
1611 4503 1711 4569 verba
1733 4501 1892 4568 scholium
1913 4502 1971 4569 ad-

212 4609 368 4696 scriptum
400 4613 450 4675 est
479 4613 515 4674 αί
540 4607 665 4692 μεταξύ
697 4614 756 4690 γῆς
782 4611 840 4674 καὶ
864 4607 1008 4696 οὐρανοῦ
1035 4609 1221 4690 λαμπάδες,
1255 4610 1350 4673 τοῦτ’
1384 4612 1477 4674 ίστιν
1504 4603 1607 4671 etet
1630 4602 1723 4683 ἡλίου
1746 4601 1972 4691 φωτιζόμενος

212 4707 286 4800 άὴρ.
329 4711 386 4778 Ad
409 4711 524 4778 eadem
545 4713 644 4796 igitur
666 4721 784 4796 poetae
798 4710 898 4778 rerba
919 4712 985 4777 duo
1006 4711 1298 4795 interpretamenta
1318 4714 1462 4789 exstant,
1484 4709 1623 4774 alterum
1645 4726 1704 4772 sno
1726 4705 1799 4772 loco
1821 4707 1971 4790 positum,

212 4813 351 4880 altorum
381 4812 423 4880 ad
450 4812 552 4881 rerba
578 4819 732 4899 corrupta
760 4813 952 4897 explicanda
979 4813 1189 4899 adscriptum.
1238 4813 1313 4898 Age
1347 4832 1423 4878 vero
1452 4810 1548 4874 ambo
1575 4810 1867 4892 interpretamenta
1894 4831 1972 4875 num

212 4915 387 4984 tribuenda
409 4935 481 4983 osse
503 4936 616 4982 censes
639 4917 669 4982 oi
692 4915 904 4999 scholiastae,
927 4916 984 5001 qui
998 4915 1143 4982 Medicei
1157 4915 1281 4982 scholia
1296 4909 1449 4999 scripsit?
1492 4910 1581 4976 Num
1597 4910 1737 4995 cogitari
1751 4913 1875 4994 potest,
1897 4932 1971 4977 eum

214 5015 254 5084 de
276 5037 336 5088 suc
358 5020 549 5104 sumpsisse,
581 5038 646 5103 quo
667 5017 768 5084 rerba
789 5023 945 5104 corrupta
970 5039 1076 5103 neque
1099 5040 1120 5084 a
1141 5037 1177 5083 se
1204 5015 1372 5082 intellecta
1398 5015 1595 5094 illustraret,
1625 5033 1699 5079 cum
1721 5011 1852 5084 adalia
1873 5014 1973 5080 verba

1767 5123 1783 5168 2
