4616 5696
1090 455 1165 528 17,

218 670 404 740 ‘congruere
426 674 492 722 non
514 657 594 740 puto
616 651 690 721 cnm
712 657 830 742 poetas
857 654 964 724 serbis
988 661 1036 722 tu
1063 655 1132 742 γὰρ
1153 656 1286 722 θεόθεν
1306 656 1517 723 ααταπνεύεα
1549 655 1672 742 ,adhuc
1694 661 1829 743 propter
1851 658 1985 726 deorum

226 755 379 823 fiduciam
402 777 443 822 ea
463 760 539 823 rata
559 756 628 824 iore
652 756 810 840 eonfidc“,
833 755 927 842 quasi
947 755 1019 824 fieri
1040 759 1156 844 possit,
1180 762 1218 824 ut
1237 763 1314 843 post
1335 758 1540 844 aliquantum
1560 759 1716 844 temporis
1737 760 1803 826 iam
1825 780 1890 827 non
1911 780 1986 826 con·

224 857 315 924 fidat
367 855 493 926 Scholii
518 859 618 942 igitur
645 859 752 944 prima
784 862 817 925 et
843 859 959 926 ultima
984 859 1084 926 verba
1112 859 1191 925 mihi
1221 864 1332 945 aptam
1359 861 1554 928 sententiam
1580 861 1701 928 habere
1727 883 1793 928 non
1822 861 1986 944 videntum
2028 927 2041 946 ,

226 981 312 1046 quae
334 961 443 1027 medio
465 960 590 1027 scholio
613 960 820 1029 nominentur
842 965 885 1042 (et
906 963 966 1028 καὶ
987 969 1093 1049 χόριον
1116 965 1196 1044 εἰμί,
1224 959 1310 1044 ὅμως
1332 966 1449 1052 μέλψω
1472 962 1516 1030 τόν
1537 965 1712 1046 γεγονότα)
1736 963 1806 1030 sole
1827 963 1987 1048 praebent

225 1084 300 1131 eam
322 1062 532 1147 sententiam,
555 1085 640 1148 quae
662 1064 846 1149 impugnari
866 1085 931 1130 non
952 1065 1063 1149 possit.
1109 1061 1207 1148 Quod
1220 1063 1305 1130 hanc
1320 1067 1434 1133 scholii
1455 1071 1584 1151 partem
1597 1065 1753 1150 permulti
1775 1067 1880 1133 secuti
1901 1073 1985 1148 sunt,

224 1187 290 1233 non
311 1166 528 1251 reprehendo,
549 1166 767 1252 reprehendo,
790 1164 878 1250 quod
899 1167 1038 1251 primam
1061 1187 1189 1252 quoque
1204 1171 1332 1251 partem
1348 1169 1490 1253 amplexi
1504 1169 1678 1255 σύμφυτος
1700 1169 1784 1233 αἰών
1806 1189 1877 1234 esse
1898 1168 1985 1236 idem

224 1268 312 1352 quod
333 1269 352 1334 ό
374 1267 550 1357 σύμφυτός
570 1292 626 1351 μοι
648 1269 743 1346 αἰνόν,
766 1263 786 1333 ὅ
806 1274 877 1334 ἐστι
898 1268 938 1334 τό
961 1271 1067 1355 γῆρας
1089 1269 1429 1352 (schol.)etatuem1nt
1473 1270 1560 1339 Nam
1583 1274 1755 1358 σύμφυτος
1777 1276 1861 1338 αἰνόν
1881 1293 1987 1356 neque

225 1377 277 1438 est
306 1391 413 1458 neque
439 1376 550 1458 potest
579 1391 649 1438 esse
682 1377 842 1456 „cognata
868 1377 960 1438 setes
991 1371 1013 1438 i.
1041 1392 1067 1437 e.
1094 1377 1259 1452 senectus,
1289 1373 1376 1438 mein
1405 1372 1641 1440 Lebensalter“
1678 1373 1845 1456 (Ahrens).
1895 1373 1987 1441 Alcis·

226 1473 312 1539 enim
334 1480 386 1540 est
406 1471 479 1560 ipse
499 1473 641 1540 hominis
667 1475 747 1554 vita,
781 1471 862 1540 illud
888 1479 1030 1559 tempus,
1064 1474 1151 1558 quod
1182 1495 1254 1540 cum
1288 1475 1427 1541 hominis
1455 1475 1523 1542 rita
1551 1477 1758 1544 coniunctum
1786 1481 1852 1557 est,
1885 1482 1985 1561 atque

225 1575 384 1644 vocabulo
407 1576 529 1665 χρόνος
550 1597 697 1662 opponas
723 1575 828 1654 velim,
854 1577 943 1662 quod
974 1580 1103 1661 tempus
1131 1597 1190 1660 per
1210 1597 1245 1643 se
1271 1577 1433 1660 significat
1462 1579 1529 1644 vita
1556 1577 1698 1644 humana
1721 1577 1801 1643 nihil
1822 1587 1985 1663 respecta3

227 1683 429 1764 quantopere
449 1680 536 1746 inter
557 1699 592 1745 se
615 1679 769 1745 differant
790 1699 830 1745 ea
851 1678 1022 1760 vocabula,
1044 1677 1108 1761 Ag.
1125 1682 1187 1744 532
1211 1678 1308 1746 docet
1329 1679 1388 1746 τὸν
1410 1677 1457 1744 δι’
1484 1685 1605 1756 αἰῶνος
1622 1679 1752 1768 χρόνον.
1797 1679 1890 1764 Quae
1913 1701 1986 1746 oum

224 1778 273 1846 ita
294 1781 375 1858 sint,
403 1777 524 1865 χρόνος
546 1782 730 1870 σύμφυτος,
758 1782 958 1868 σύμμετρος,
991 1778 1165 1860 ξυνεύδων,
1196 1783 1368 1864 συχχενός,
1395 1779 1514 1865 ξυνών,
1547 1782 1582 1848 id
1605 1787 1656 1848 est
1671 1781 1791 1869 χρόνος
1812 1782 1986 1869 ἀνθρώπῳ

226 1881 413 1970 σύμφυτος,
441 1885 626 1972 σύμμετρος
649 1889 711 1950 etc.
733 1883 818 1950 bene
844 1884 977 1965 dicitur;
1007 1883 1094 1950 idem
1123 1885 1277 1951 contendi
1303 1887 1382 1950 licet
1410 1886 1450 1951 de
1471 1885 1639 1951 vocabulis
1663 1885 1806 1952 eiusdem
1829 1886 1985 1970 temporie

226 1984 487 2069 significationis,
508 1991 546 2052 ut
558 1993 658 2069 μῆνες
680 1995 848 2070 συχχενοΐς
872 1982 984 2070 (Soph.
1002 1983 1084 2052 Oed.
1100 1985 1141 2051 R.
1161 1991 1265 2068 1082).
1309 1987 1359 2052 At
1373 1985 1459 2052 αἰνόν
1481 2007 1555 2053 oum
1570 1986 1634 2052 illis
1650 2007 1735 2070 quae
1757 1986 1853 2054 attuli
1875 1986 1984 2053 adiec-

225 2087 299 2154 tivis
321 2089 472 2174 coniungi
491 2110 557 2155 non
578 2094 702 2172 potest,
726 2088 814 2174 quod
833 2089 940 2173 ipsum
963 2093 1013 2154 est
1028 2087 1147 2176 χρόνος
1169 2088 1340 2176 ἀνθρώπῳ
1363 2090 1552 2178 σύμφυτος,
1575 2096 1759 2177 σύμμετρος
1781 2094 1843 2155 etc.
1866 2088 1986 2177 Itaque

227 2211 301 2256 cum
323 2191 497 2279 σύμφυτος
519 2191 602 2257 αἰών
615 2192 741 2257 nonsit
762 2191 937 2278 σύμφυτος
959 2193 1030 2272 ἐμοὶ
1053 2192 1138 2257 alca
1159 2191 1180 2256 i.
1195 2212 1221 2256 e.
1245 2191 1284 2256 τό
1309 2193 1387 2273 ἐμὸν
1407 2195 1525 2277 χῆρας,
1548 2196 1607 2258 aut
1625 2193 1799 2281 σύμφυτος
1812 2195 1863 2257 est
1878 2211 1986 2256 emen·

226 2290 383 2371 dandum,
417 2299 456 2359 ut
482 2294 554 2379 quis
581 2295 688 2370 ἀλαός
718 2287 868 2381 όρφανος
895 2291 979 2358 αἰνόν
1006 2293 1161 2372 coniciet,
1194 2299 1265 2373 aut,
1299 2296 1326 2360 ei
1349 2314 1390 2361 ea
1417 2293 1602 2361 emendatio
1629 2294 1735 2360 minus
1763 2293 1987 2360 videturesse

225 2394 423 2480 probabilis,
456 2402 494 2462 ut
515 2401 578 2476 est,
614 2396 680 2462 tale
703 2395 866 2462 obiectum
887 2394 931 2462 ad
954 2395 1127 2484 σύμφυτος
1149 2401 1200 2462 est
1220 2395 1470 2475 restituendum,
1498 2396 1587 2480 quod
1610 2417 1683 2462 cum
1705 2416 1819 2462 senum
1841 2396 1910 2462 vito
1932 2417 1986 2462 co-

231 2503 366 2582 gnatum
388 2503 423 2564 et
445 2497 653 2565 coniunctum
675 2518 746 2564 esse
769 2497 906 2564 dicatur.
949 2497 1063 2582 Atque
1087 2500 1114 2563 si
1136 2519 1195 2583 pro
1218 2497 1328 2564 ἀλκάν
1348 2497 1395 2562 Μ.
1419 2496 1598 2564 scribamus
1621 2497 1725 2581 ἀλκᾷ,
1748 2498 1835 2583 quod
1858 2499 1989 2564 luerunt

226 2597 283 2686 qui
305 2601 508 2680 conicerent,
531 2599 613 2667 illud
634 2600 799 2668 obiectum
821 2620 880 2666 nos
903 2598 1033 2686 quidem
1048 2599 1244 2682 habeamus,
1270 2600 1329 2666 sed
1351 2599 1447 2665 simul
1469 2620 1542 2666 eam
1564 2601 1775 2678 sententiam,
1801 2621 1899 2684 quem
1913 2599 1984 2665 iure

225 2701 370 2787 ineptam
393 2701 530 2769 dixeris:
565 2707 677 2781 ,aetas
698 2704 765 2769 sive
788 2706 939 2769 senectus
968 2722 1042 2768 cum
1064 2703 1182 2769 robore
1211 2703 1419 2783 coniuncta“;
1452 2707 1488 2768 at
1508 2722 1568 2787 pro
1591 2702 1682 2785 ἀλκᾷ
1703 2702 1769 2768 tale
1791 2701 1985 2768 vocabulum

225 2805 412 2889 requiritur,
435 2805 523 2890 quod
537 2803 735 2874 cantariam
749 2805 870 2871 habeat
883 2804 965 2870 vim:
990 2810 1102 2888 „aetas
1117 2825 1192 2872 mee
1207 2825 1281 2871 cum
1295 2803 1520 2870 imbecillitate
1536 2805 1739 2871 coniuncta.“
1756 2841 1798 2854 -
1813 2803 1986 2870 Alterutra

225 2905 420 2974 emendandi
440 2907 567 2976 ratione
580 2908 689 2974 locum
704 2907 813 2974 senari
830 2926 926 2992 posse
942 2905 1083 2989 confido;
1106 2913 1219 2992 aptam
1233 2927 1309 2974 vero
1325 2906 1545 2973 coniecturam
1559 2907 1630 2992 ipse
1644 2907 1787 2973 invenire
1802 2925 1867 2972 non
1882 2906 1982 2991 potui.

1073 3265 1135 3336 IV.

313 3417 474 3504 Septem
497 3440 525 3486 c.
547 3417 708 3486 Thebas
731 3422 800 3483 754.
845 3418 943 3485 Hanc
966 3417 1134 3505 stropham
1156 3417 1205 3484 sic
1224 3415 1397 3502 legendam
1420 3437 1492 3484 esee
1515 3437 1650 3484 censeo:

736 3515 799 3586 τίν’
826 3523 955 3606 α’νδρῶν
976 3520 1042 3606 γὰρ
1063 3521 1194 3587 τοσόνδ’
1220 3521 1427 3603 ἐθαύμασαν

734 3625 812 3691 θοοὶ
835 3625 893 3690 καὶ
915 3623 1077 3705 ξυνέστιοι

735 3727 853 3803 πόλεος
875 3727 894 3793 ὁ
916 3726 1104 3811 πολύβατός
1126 3749 1162 3790 τε
1185 3725 1277 3808 dysis
1297 3725 1433 3811 βροτῶν,

736 3824 816 3895 ὅσον
839 3827 913 3893 τότ’
944 3827 1100 3895 Οἰδίπουν
1120 3831 1200 3910 τίον,

736 3933 800 3998 τόν
821 3931 1058 4018 ἁρπαξάνδραν

734 4035 801 4120 κῆρ’
826 4032 999 4122 ἀφελόντα
1016 4029 1146 4119 χοόρας;

227 4136 344 4213 πόλεος
365 4135 384 4200 ὁ
405 4155 465 4220 pro
487 4136 613 4211 πόλεως
634 4133 681 4201 M.
709 4140 760 4200 eet
781 4131 964 4202 Hermanni
994 4141 1026 4200 et
1055 4131 1236 4212 Dindorfii,
1270 4133 1461 4219 πολόβατος
1487 4153 1547 4216 pro
1576 4132 1757 4218 πολύβοτος
1778 4129 1984 4212 Blomlieldii,
2010 4127 2013 4133 ’

229 4236 322 4320 tyois
344 4238 377 4320 (i
399 4257 426 4303 c.
450 4237 575 4324 νόχορό)
597 4257 657 4322 pro
684 4236 768 4303 cloio
788 4237 903 4303 Weilii
929 4236 1125 4303 coniectura.
1170 4233 1238 4301 Sed
1260 4235 1319 4300 has
1347 4234 1590 4301 emendationes
1618 4233 1791 4301 defendere
1818 4233 1897 4326 mihi
1917 4251 1983 4297 non

228 4346 279 4406 est
300 4340 514 4424 propositum,
536 4341 708 4425 proposui,
734 4345 772 4406 ut
794 4360 905 4406 vocem
926 4339 1018 4422 θεοί,
1048 4360 1146 4424 quam
1167 4338 1320 4422 permulti
1341 4343 1526 4421 suspectam
1549 4336 1749 4416 iudicarunt,
1780 4355 1889 4401 reram
1911 4353 1983 4400 esse

227 4441 401 4509 lectionem
428 4463 536 4527 neque
562 4442 663 4508 ullam
691 4443 897 4509 coniecturae
925 4463 1058 4509 causam
1081 4463 1162 4508 esse·
1184 4441 1451 4506 demonstrarem.
1473 4439 1610 4506 -Iam
1640 4439 1780 4522 primum
1809 4457 1892 4521 quae
1917 4434 1985 4519 yiri

227 4544 317 4612 docti
338 4544 605 4629 reprehenderint
634 4549 672 4610 ut
693 4543 874 4626 videamus,
906 4543 1047 4610 Weilius
1070 4563 1125 4627 ,se
1154 4563 1219 4608 non
1247 4540 1439 4626 intellegere
1466 4541 1601 4620 fatetur,
1635 4538 1713 4623 qnid
1740 4540 1798 4618 sit,
1831 4537 1918 4622 quod
1949 4534 1983 4600 di

231 4643 394 4732 Oedipum
415 4647 571 4714 admirati
598 4666 670 4714 esse
701 4646 861 4722 dicantur,
898 4666 1005 4730 neque
1028 4668 1086 4713 eur
1106 4645 1189 4712 haec
1215 4644 1350 4712 deorum
1378 4643 1552 4758 admiratio
1578 4662 1643 4707 uno
1663 4640 1763 4708 verbo
1785 4638 1982 4716 absolvatur,

228 4771 301 4818 cum
322 4747 489 4816 hominum
511 4748 685 4816 admiratio
713 4749 823 4816 multis
844 4749 1094 4834 amplificetur*
1133 4746 1249 4832 quibus
1272 4745 1313 4812 de
1336 4747 1444 4812 causis
1472 4744 1605 4829 scripsit
1632 4742 1800 4830 θεράπναι
1823 4741 1984 4823 ξυνέστιοι

228 4855 261 4920 et
282 4852 316 4918 in
338 4851 454 4918 Addit.
477 4850 520 4917 ad
534 4851 656 4918 Persas
677 4873 708 4936 p.
734 4855 795 4916 130
817 4853 913 4934 δόμοι
935 4875 971 4918 το
994 4849 1166 4933 ξυνόοτιοι.
1209 4848 1402 4916 Meinekeus
1415 4846 1530 4913 Weilii
1552 4865 1667 4913 causas
1690 4851 1820 4912 secutus
1844 4843 1984 4912 coniecit

227 4951 302 5020 ὅσοι
334 4953 392 5020 καὶ
425 4951 595 5036 ξυνέστιοι.
640 4952 857 5020 Oberdickius
886 4953 1037 5040 (Beitrag
1070 4950 1416 5042 zanrld.u.K1it.
1446 4949 1477 5016 d.
1504 4947 1702 5034 Aeschylus,
1732 4945 1982 5033 ayma-Progr.

227 5053 325 5124 Glntr
349 5062 445 5141 1870)
468 5059 585 5145 πρόμοι
608 5080 644 5124 τε
667 5055 844 5138 §mercica
876 5076 917 5124 ea
942 5059 1027 5124 enim
1055 5057 1096 5122 de
1119 5073 1218 5122 causa
1246 5054 1327 5120 θεοί
1351 5051 1475 5119 servari
1499 5071 1565 5118 non
1586 5069 1683 5137 posse
1705 5047 1862 5126 affirmat,
1895 5047 1983 5135 quod

2177 4017 2301 4072 ss
