4616 5696
1119 417 1159 480 10

259 636 323 684 non
344 616 466 684 violata
487 621 521 681 et
541 616 686 684 mulieris
708 615 843 684 consilia
863 617 1017 704 factaque
1044 617 1195 702 (αίχμάν)
1217 616 1259 683 ab
1288 615 1427 686 audacia
1453 617 1561 684 aliens
1590 617 1742 684 dicantur
1768 637 1840 685 esse
1863 617 2018 701 colenda3

259 721 364 802 αίχμά
386 721 471 784 enim
494 740 567 786 cum
593 739 634 786 ea
661 719 876 786 viinvenitur
895 719 962 805 Ag.
985 725 1064 788 462:
1094 719 1251 804 γυναικὸς
1280 725 1384 806 αίχμᾷ
1410 726 1522 805 νιρενιει
1552 721 1614 807 πρὸ
1642 728 1703 788 τοῦ
1731 729 1895 810 φανέντος
1917 723 2019 809 χάριν

260 820 460 904 ξυναινέσαι,
494 840 559 906 quo
580 821 654 888 loeo
675 841 741 888 non
769 827 838 889 tam
867 824 1050 908 imperinm,
1085 843 1183 907 quam
1210 823 1346 890 consilia
1367 827 1520 909 tactaque
1547 823 1651 891 libere
1678 825 1760 891 inita
1782 823 2019 909 significantur:

263 923 408 1008 ,mulien
431 923 483 990 eni
505 922 630 1008 aliquid
650 922 714 1008 ipsi
735 925 1030 992 admdnistrandum
1052 929 1111 1006 est,
1132 925 1229 992 lacile
1242 925 1369 992 incerta
1382 945 1443 1011 pro
1457 926 1556 993 certis
1570 925 1689 993 habet“
1707 925 1766 1006 (Η.
1781 925 1822 994 Ῑι.
1837 923 2019 992 Ahrensim

260 1028 294 1092 in
315 1025 433 1093 Philol.
457 1023 570 1110 Suppl.
593 1023 622 1092 L
645 1029 706 1092 539
729 1047 842 1093 vocem
868 1029 969 1110 αἰχμή
990 1049 1054 1094 non
1076 1027 1182 1094 solum
1208 1045 1280 1092 esse
1302 1028 1418 1094 statuit
1444 1028 1587 1111 hmtam,
1620 1027 1804 1114 imperium,
1838 1027 2019 1094 sedetiam

264 1127 351 1194 idem
374 1128 462 1212 quod
485 1129 581 1215 ὁρμή,
610 1127 706 1214 ὀργὴ;
738 1128 779 1194 cf.
802 1127 1078 1213 Klsusen-Enger
1099 1129 1143 1194 ad
1164 1128 1195 1195 h.
1218 1128 1263 1212 1.).
1305 1129 1435 1196 Eadem
1455 1131 1582 1197 ratione
1604 1151 1643 1198 eo
1666 1130 1707 1197 de
1729 1151 1793 1216 quo
1816 1131 1925 1215 agitur
1945 1129 2019 1196 loco

259 1231 540 1317 interpretandum
563 1238 628 1299 est:
665 1252 758 1312 ,cum
778 1232 906 1299 mulieri
934 1231 1058 1316 aliquid
1084 1231 1147 1317 ipsi
1168 1231 1353 1299 laciendum
1379 1237 1444 1313 est,
1477 1232 1549 1300 colo
1577 1232 1713 1300 consilia
1734 1232 1902 1316 tactaque,
1934 1249 2020 1315 quae

259 1335 302 1402 ab
324 1334 464 1402 audacis
486 1340 520 1400 et
540 1333 614 1399 telis
637 1333 871 1416 abhorreant“;
901 1335 1020 1400 chorus
1046 1335 1160 1417 igitur,
1188 1334 1277 1419 quod
1299 1334 1344 1401 sd
1370 1334 1439 1401 tela
1461 1340 1494 1401 et
1523 1335 1658 1402 caedem
1679 1333 1942 1420 Clytaemnestra
1963 1333 2019 1399 de·

260 1436 439 1519 scenderit,
461 1434 678 1520 reprehendit
722 1435 796 1503 lam
809 1457 886 1505 vero
900 1457 1013 1502 vocem
1027 1437 1241 1524 ἀθίρμαντος
1255 1456 1327 1504 esse
1348 1458 1433 1520 „non
1447 1437 1584 1520 sudas‘¹,
1605 1457 1684 1519 non,
1706 1438 1795 1524 quod
1808 1437 2021 1504 Hermannus

262 1543 296 1606 et
309 1538 450 1605 Weilius
471 1538 656 1621 voluerunt,
677 1535 848 1622 „frigidus
870 1539 944 1623 igne
959 1537 1207 1622 Agamemnone
1229 1541 1389 1607 exstincto
1409 1546 1544 1608 carens“
1567 1547 1677 1626 („nam
1699 1540 1806 1624 focus,
1828 1541 1920 1607 cuius
1934 1539 2019 1624 ignis

261 1641 304 1708 ab
327 1641 444 1726 ignavo
466 1646 500 1707 et
521 1640 682 1707 scelerato
696 1638 858 1725 Aegistho
881 1641 1086 1724 accenditur,
1108 1663 1173 1709 non
1196 1648 1248 1709 est
1267 1643 1360 1710 locus
1374 1643 1559 1724 familiaris,
1581 1665 1678 1729 quem
1699 1643 1784 1710 servi
1804 1641 1858 1727 pie
1880 1641 2022 1709 colsnt“

261 1742 374 1827 Weil),
396 1748 431 1810 et
452 1764 474 1810 a
496 1743 674 1810 scholiasta
696 1743 851 1810 discimus
873 1748 907 1809 et
927 1743 1017 1826 inde,
1042 1744 1131 1830 quod
1151 1745 1329 1828 θερμαίνω
1358 1747 1488 1832 saepius
1514 1746 1603 1832 apud
1630 1746 1713 1812 alios
1734 1744 1880 1812 eiusdem
1900 1743 2019 1811 aetatis

260 1847 451 1931 scriptores,
483 1846 571 1930 apud
598 1844 799 1930 Aeschylum
826 1843 887 1911 Ob.
916 1851 989 1925 984,
1019 1847 1145 1931 θερμός
1172 1845 1262 1933 Sept
1291 1851 1354 1914 584
1379 1853 1413 1915 et
1438 1848 1535 1916 Eum.
1558 1853 1619 1917 549
1646 1849 1784 1933 figurate
1810 1851 2018 1932 usurpantur,

260 1948 332 2035 ipso
354 1955 466 2016 autem
489 1969 613 2015 conexu
634 1948 717 2015 haec
738 1949 829 2017 notio
852 1935 1030 2016 desiderum
1056 1949 1194 2016 videtur.
1215 1987 1259 1998 —
1282 1948 1390 2034 Quam
1411 1971 1517 2018 meam
1538 1971 1690 2019 versuum
1710 1951 1841 2017 illorum
1861 1951 2020 2034 interpre-

260 2054 418 2119 tationem
440 2054 600 2120 siveram
628 2050 766 2135 iudices,
788 2050 951 2136 probabili
973 2051 1100 2118 ratione
1122 2050 1382 2120 emendationem
1408 2074 1635 2140 processuram
1657 2074 1729 2120 esse
1751 2051 1888 2121 confido.
1931 2053 2020 2139 Δυσ-

262 2157 354 2242 φιλὲς
375 2156 573 2238 γαμῆλευμα
600 2155 686 2220 enim
709 2158 743 2218 et
763 2153 979 2240 ἀθέρμαντον
1000 2157 1117 2220 ἑστίαν
1140 2155 1266 2237 δόμων,
1295 2155 1413 2222 deinde
1431 2159 1706 2245 γυναικοβούλους
1725 2157 1866 2240 μήτιδας
1888 2161 2020 2245 φρενῶν

260 2259 304 2323 ίνί
329 2257 426 2343 ἀνδρὶ
447 2257 659 2343 τευχεσφόρῳ
682 2261 717 2320 et
737 2261 929 2338 γυναικείαν
950 2253 1098 2339 ἄτολμον
1125 2258 1250 2338 αίχμάν
1277 2279 1348 2324 esse
1369 2257 1457 2325 inter
1482 2280 1518 2325 se
1547 2259 1697 2346 opposita
1717 2261 1878 2326 neminem
1900 2259 2019 2342 brgiet3

261 2359 379 2444 quodsi
411 2359 542 2425 obiecta
571 2360 658 2424 inter
689 2377 725 2423 se
758 2357 910 2442 opposita
941 2364 1033 2438 suut,
1063 2359 1164 2426 verba
1196 2382 1325 2447 quoque
1355 2363 1507 2447 opposita
1537 2363 1637 2429 fuisse
1664 2361 1932 2430 verisimillimum
1960 2367 2020 2430 est

261 2459 431 2547 Sequitur,
459 2465 497 2527 ut
517 2459 584 2526 tale
612 2459 747 2526 verbum
767 2460 894 2527 finitum
921 2462 965 2527 sd
986 2461 1146 2549 δυσφιλὲς
1167 2465 1363 2546 γαμὴλευμα
1384 2466 1608 2549 restituamus,
1637 2464 1725 2550 quod
1751 2465 1851 2532 verbo
1872 2469 1956 2532 τίων
1977 2468 2021 2532 sit

261 2563 460 2650 oppositum,
490 2562 562 2627 ie.
585 2563 638 2627 cui
660 2561 727 2626 odii
748 2562 796 2628 uis
818 2561 930 2628 subsit
972 2563 1049 2630 Hoc
1076 2571 1187 2630 autem
1212 2565 1270 2632 ubi
1297 2572 1331 2632 et
1360 2588 1426 2653 qua
1450 2570 1578 2635 ratione
1605 2567 1842 2634 restituendum
1868 2563 2018 2635 videtur?

260 2666 388 2733 Locum
409 2663 714 2744 demonstravimus,
742 2684 816 2730 cum
842 2661 995 2752 ἀκαίρως
1020 2666 1176 2750 languere
1198 2666 1356 2751 diximus3
1385 2670 1578 2737 emendandi
1599 2690 1676 2738 uero
1698 2671 1859 2737 rationem
1879 2671 2019 2739 maxime

260 2767 394 2853 probari
416 2785 534 2833 censeo
556 2787 645 2847 eam,
666 2786 733 2851 qna
752 2765 870 2832 literae
892 2767 1021 2853 spuriae
1043 2770 1132 2836 vocis
1154 2769 1305 2857 ἀκαίρως
1325 2773 1456 2838 minime
1478 2778 1657 2854 mutentur;
1683 2774 1845 2842 namhoc
1867 2774 2020 2843 mendum

260 2871 324 2936 nisi
344 2867 472 2935 scribae
495 2888 605 2935 errore
629 2873 737 2934 ortum
759 2887 830 2935 esse
857 2889 923 2935 non
942 2875 1061 2954 potest
1105 2871 1274 2956 Neglectis
1301 2873 1403 2957 igitur
1423 2875 1537 2942 Weilii
1563 2883 1598 2942 et
1618 2873 1797 2962 Hartungii
1823 2877 2019 2945 coniecturis

260 2973 330 3057 ipse
353 2992 412 3056 pro
433 2968 665 3036 ΑΚΑΙΡΩΣ
680 2968 854 3055 legendum
881 2991 952 3038 esse
974 2979 1054 3057 puto
1075 2973 1297 3052 ΑΧΝΑΖΩ,
1327 2976 1415 3062 quod
1441 2977 1576 3045 verbum
1596 2977 1705 3066 Etym.
1728 2979 1774 3050 hl.
1797 2979 1940 3065 explicat
1960 3001 2020 3067 per

258 3071 424 3156 ἄχθεται,
452 3081 556 3155 μισεῖ,
576 3079 681 3160 ψέγει.
696 3109 736 3122 --
759 3070 827 3138 Sed
854 3073 921 3138 alia
940 3074 1007 3140 iam
1027 3077 1176 3159 quaestio
1199 3081 1263 3157 est,
1284 3097 1362 3144 num
1384 3083 1466 3144 τίων
1485 3081 1526 3146 δέ
1543 3101 1603 3165 pro
1624 3085 1685 3146 τίω
1706 3083 1746 3148 δέ
1764 3083 1887 3148 servan
1907 3083 2019 3168 possit

261 3175 374 3261 Atque
396 3172 544 3243 Graecos
566 3195 686 3258 magna
708 3194 764 3241 eos
786 3174 918 3260 quidem
938 3176 989 3241 uti
1017 3179 1259 3244 enuntiatorum
1289 3183 1581 3250 construendorum
1608 3183 1777 3265 libertate,
1803 3184 1853 3252 ita
1874 3191 1912 3251 nt
1933 3185 2020 3252 iusta

262 3278 503 3345 constructione
525 3275 645 3343 omissa
667 3277 781 3343 similis
803 3278 964 3362 quaedam
992 3278 1059 3344 alia
1088 3279 1300 3363 adhibeatur,
1332 3288 1365 3349 et
1385 3283 1540 3368 Krueger
1562 3289 1613 3351 59.
1636 3289 1656 3350 2
1679 3290 1714 3352 et
1732 3285 1892 3353 Kuehner
1913 3290 1934 3372 ξ
1955 3291 2019 3354 490

260 3400 335 3466 pag.
352 3384 412 3446 657
437 3377 571 3461 docent3
592 3376 651 3444 sed
673 3376 768 3445 huius
788 3399 882 3459 usus,
903 3379 995 3446 cuins
1009 3381 1177 3466 proprium
1199 3390 1265 3465 est,
1287 3384 1387 3452 verbo
1408 3385 1500 3453 finito
1515 3407 1641 3471 carere,
1664 3387 1787 3455 habere
1800 3391 2018 3477 participium,

260 3481 416 3566 Krueqer
436 3481 634 3546 mentionem
654 3501 720 3546 non
741 3480 836 3561 facit,
858 3479 1018 3549 Kuehner
1040 3483 1104 3550 duo
1126 3483 1223 3551 affert
1244 3488 1394 3571 exempla
1414 3488 1540 3556 Herod
1565 3497 1591 3555 1.
1616 3495 1692 3558 116:
1714 3493 1773 3558 καλ
1794 3493 1971 3580 κατέβαινε
1986 3498 2019 3572 ἐς

127 3582 134 3589 ’
260 3587 356 3660 λιτάς
376 3605 414 3648 τε
435 3581 494 3648 καὶ
516 3585 714 3666 συγγνώμην
735 3588 848 3667 ἑωυτῷ
869 3585 1012 3649 κελεύων
1033 3589 1115 3665 ὅταν
1136 3586 1240 3654 αὐτόν
1262 3595 1296 3654 et
1316 3589 1405 3656 Xen.
1426 3589 1501 3678 Oyr.
1525 3596 1553 3657 l.
1575 3597 1604 3659 3.
1630 3599 1661 3662 l:
1685 3597 1815 3681 ἔρχεται
1836 3595 1923 3677 αὐτή
1940 3621 1977 3663 τε
1999 3596 2018 3674 ἡ

262 3687 428 3763 Μανδάνη
449 3683 530 3768 πρὸς
551 3685 611 3750 τὸν
638 3690 767 3773 πατέρα
792 3686 851 3751 καὶ
878 3685 938 3752 τὸν
959 3685 1076 3775 Κῦρον
1101 3692 1234 3767 ἔχουσα.
1278 3690 1346 3758 Sed
1371 3699 1481 3760 tamen
1512 3694 1627 3762 borum
1655 3697 1875 3783 exemplorum
1900 3705 2019 3765 natura

261 3809 327 3854 non
352 3793 405 3853 est
430 3807 485 3868 ea,
513 3793 552 3853 ut
583 3788 791 3872 participium
816 3807 876 3872 pro
909 3788 1008 3854 uerbo
1034 3789 1125 3856 linito
1151 3797 1343 3876 usurpatum
1370 3794 1451 3860 nihil
1479 3799 1622 3882 pendeat
1647 3799 1691 3866 ab
1718 3799 1775 3869 illo
1796 3801 1894 3868 verbo
1916 3801 2018 3882 linito,

262 3888 349 3975 quod
371 3889 478 3955 estin
499 3888 607 3973 priore
628 3891 798 3976 utriusque
821 3890 961 3975 exempli
982 3897 1092 3975 parte;
1119 3897 1234 3958 contra
1263 3894 1472 3981 participium
1493 3899 1637 3982 pendere
1659 3901 1739 3968 mihi
1760 3901 1887 3968 videtur
1908 3903 2018 3989 aliquo

262 3989 359 4056 modo
381 3989 502 4056 abillo
523 3989 622 4056 verbo
644 3989 750 4074 finito,
771 3992 863 4058 utin
885 3991 1032 4077 exemplo
1054 3993 1246 4062 Herodoteo
1267 3999 1452 4084 κατέβαινε.
1466 4005 1500 4076 ἐς
1520 4003 1613 4079 λιτάς
1635 4028 1671 4070 τε
1693 4005 1752 4070 καὶ
1772 4007 1950 4091 κατέβαινε
1972 4013 2019 4084 είς

260 4093 401 4174 κίλευμοι
415 4091 496 4158 etin
520 4092 668 4176 exemplo
682 4092 926 4178 Xenophonteo
948 4099 1080 4177 ἔρχεται
1101 4095 1189 4177 αὐτή
1210 4120 1247 4163 τε
1268 4102 1326 4165 καὶ
1348 4103 1477 4188 ἔρχεται
1499 4105 1559 4168 τὸν
1578 4103 1697 4192 Κῦρον
1718 4110 1853 4186 &ovum
1876 4111 2019 4174 κελεύων

260 4194 361 4280 igitur
382 4195 503 4279 pendet
524 4216 546 4260 a
567 4195 760 4280 κατέβαινε,
781 4195 840 4262 sed
862 4196 977 4264 eadem
998 4199 1033 4265 in
1055 4201 1223 4266 enuntiato
1251 4207 1302 4268 est
1323 4203 1513 4272 condicione
1535 4206 1713 4292 eodemque
1734 4209 1807 4274 loco
1829 4230 1894 4294 quo
1915 4213 2019 4292 λιτάς,

261 4302 296 4363 et
316 4297 350 4362 in
371 4295 476 4362 altero
498 4297 646 4382 exemplo
666 4301 789 4378 λγονοα
810 4299 933 4383 pendet
959 4300 996 4365 id
1017 4302 1148 4386 quidem
1170 4303 1212 4369 ab
1234 4307 1379 4391 ἔρχεται,
1406 4306 1464 4373 sed
1489 4309 1654 4393 particula
1674 4313 1739 4376 καί
1757 4311 1946 4397 copulatum
1968 4323 2019 4382 est

262 4419 336 4465 cum
358 4398 453 4480 αὐτή.
474 4437 518 4448 -
539 4397 658 4484 Itaque
681 4421 755 4466 cum
776 4401 856 4468 satis
878 4401 957 4467 mihi
985 4402 1224 4471 demonstrasse
1247 4407 1371 4490 videar,
1403 4410 1612 4495 participium
1638 4431 1698 4496 pro
1720 4413 1819 4480 uerbo
1848 4415 1941 4484 linito
1961 4417 2019 4484 illa

262 4500 388 4567 ratione
410 4506 602 4586 usurpatum
623 4520 688 4567 non
708 4501 862 4587 reperiri,
884 4507 966 4570 τίων
987 4508 1027 4572 δέ
1045 4507 1273 4592 corrigendum
1295 4531 1366 4577 esse
1387 4519 1467 4596 puto
1483 4515 1516 4578 in
1539 4520 1601 4579 τίω
1623 4515 1673 4598 δέ,
1695 4515 1729 4582 id
1751 4518 1839 4604 quod
1853 4516 2018 4587 Stanleius

263 4602 330 4668 iam
351 4609 449 4669 antea
470 4603 667 4670 coniecerat

349 4701 514 4788 Quoniam
542 4705 642 4790 igitur
668 4726 724 4772 eos
750 4706 855 4788 locos,
889 4707 1006 4792 quibus
1027 4710 1202 4797 participia
1227 4711 1322 4780 libris
1347 4717 1575 4804 manuscriptis
1601 4722 1725 4790 tradita
1746 4730 1835 4800 sunt,
1868 4747 1953 4812 quae
1973 4727 2018 4795 ad

263 4826 380 4873 nomen
402 4806 589 4872 femininum
604 4808 801 4892 pertinentia
821 4810 1004 4877 masculina
1017 4817 1126 4879 mmen
1149 4819 1225 4880 sunt
1243 4817 1487 4904 terminatione,
1504 4824 1582 4890 'sine
1604 4825 1726 4906 studio,
1752 4831 1790 4893 ut
1809 4826 1903 4894 nobis
1929 4829 2017 4896 side·

262 4928 346 5023 mur,
372 4907 639 5076 exqmmnmns,
667 4911 750 4978 baec
770 4917 898 4980 restant
919 4914 1084 4998 exempla,
1111 4937 1250 5002 quorum
1271 4918 1353 4987 nihil
1373 4921 1464 4990 aliud
1489 4926 1553 4992 nisi
1573 4927 1745 5011 singularis
1766 4927 1822 4995 ille
1843 4951 1920 4998 usus
1942 4953 2016 5017 pro·

261 5031 368 5096 prium
389 5031 450 5076 es:
