<?xml version="1.0" encoding="UTF-8"?>
<!DOCTYPE html PUBLIC "-//W3C//DTD XHTML 1.0 Transitional//EN"
    "http://www.w3.org/TR/xhtml1/DTD/xhtml1-transitional.dtd">
<html xmlns="http://www.w3.org/1999/xhtml" xml:lang="en" lang="en">
 <head>
  <title>
</title>
<meta http-equiv="Content-Type" content="text/html;charset=utf-8" />
  <meta name='ocr-system' content='tesseract 3.04.00' />
  <meta name='ocr-capabilities' content='ocr_page ocr_carea ocr_par ocr_line ocrx_word'/>
</head>
<body>
  <div class='ocr_page' id='page_1' title='image "./quaestionesaesc00kottgoog_0014.png"; bbox 0 0 4616 5696; ppageno 0'>
   <div class='ocr_carea' id='block_1_1' title="bbox 1138 439 1159 502">
    <p class='ocr_par' dir='ltr' id='par_1_1' title="bbox 1138 439 1159 502">
     <span class='ocr_line' id='line_1_1' title="bbox 1138 439 1159 502; baseline 0 0"><span class='ocrx_word' id='word_1_1' title='bbox 1138 439 1159 502; x_wconf 89' lang='lat'><strong>9</strong></span> 
     </span>
    </p>
   </div>
   <div class='ocr_carea' id='block_1_2' title="bbox 251 635 2103 5130">
    <p class='ocr_par' dir='ltr' id='par_1_2' title="bbox 270 635 2103 2059">
     <span class='ocr_line' id='line_1_2' title="bbox 272 635 2031 730; baseline -0.001 -18"><span class='ocrx_word' id='word_1_2' title='bbox 272 641 435 730; x_wconf 89' lang='lat' dir='ltr'><strong>explicare</strong></span> <span class='ocrx_word' id='word_1_3' title='bbox 480 645 579 728; x_wconf 85' lang='lat' dir='ltr'><strong>atque</strong></span> <span class='ocrx_word' id='word_1_4' title='bbox 626 638 661 706; x_wconf 91' lang='lat' dir='ltr'><strong>id</strong></span> <span class='ocrx_word' id='word_1_5' title='bbox 707 639 889 726; x_wconf 88' lang='lat' dir='ltr'><strong>proximum</strong></span> <span class='ocrx_word' id='word_1_6' title='bbox 931 659 1059 706; x_wconf 82' lang='lat' dir='ltr'><strong>versum</strong></span> <span class='ocrx_word' id='word_1_7' title='bbox 1107 640 1284 724; x_wconf 78' lang='lat' dir='ltr'><strong>respiciens</strong></span> <span class='ocrx_word' id='word_1_8' title='bbox 1322 661 1381 726; x_wconf 92' lang='lat' dir='ltr'><strong>per</strong></span> <span class='ocrx_word' id='word_1_9' title='bbox 1417 635 1520 723; x_wconf 82' lang='grc' dir='ltr'><em>ήγουν</em></span> <span class='ocrx_word' id='word_1_10' title='bbox 1563 639 1603 705; x_wconf 82' lang='grc' dir='ltr'><em>τὸ</em></span> <span class='ocrx_word' id='word_1_11' title='bbox 1645 643 1918 730; x_wconf 73' lang='grc' dir='ltr'><strong>περιβεβλημένον</strong></span> <span class='ocrx_word' id='word_1_12' title='bbox 1956 643 2031 728; x_wconf 76' lang='grc' dir='ltr'><em>ἡμῖν</em></span> 
     </span>
     <span class='ocr_line' id='line_1_3' title="bbox 271 740 2032 833; baseline 0.001 -19"><span class='ocrx_word' id='word_1_13' title='bbox 271 744 389 824; x_wconf 78' lang='grc' dir='ltr'><em>ἄνθος.</em></span> <span class='ocrx_word' id='word_1_14' title='bbox 447 743 562 810; x_wconf 87' lang='lat' dir='ltr'><strong>Weilii</strong></span> <span class='ocrx_word' id='word_1_15' title='bbox 594 746 704 810; x_wconf 86' lang='lat' dir='ltr'><strong>autem</strong></span> <span class='ocrx_word' id='word_1_16' title='bbox 736 742 912 824; x_wconf 91' lang='lat' dir='ltr'><strong>rationem,</strong></span> <span class='ocrx_word' id='word_1_17' title='bbox 948 743 1003 828; x_wconf 92' lang='lat' dir='ltr'><strong>qui</strong></span> <span class='ocrx_word' id='word_1_18' title='bbox 1038 747 1114 827; x_wconf 89' lang='lat' dir='ltr'><strong>post</strong></span> <span class='ocrx_word' id='word_1_19' title='bbox 1145 743 1351 824; x_wconf 81' lang='grc' dir='ltr'><em>έκθομάτων</em></span> <span class='ocrx_word' id='word_1_20' title='bbox 1392 740 1551 824; x_wconf 79' lang='lat' dir='ltr'><strong>distinxit,</strong></span> <span class='ocrx_word' id='word_1_21' title='bbox 1591 745 1707 810; x_wconf 89' lang='lat' dir='ltr'><strong>merito</strong></span> <span class='ocrx_word' id='word_1_22' title='bbox 1740 744 1904 828; x_wconf 77' lang='lat' dir='ltr'><strong>Keclsius,</strong></span> <span class='ocrx_word' id='word_1_23' title='bbox 1943 749 2032 833; x_wconf 92' lang='lat' dir='ltr'><strong>quod</strong></span> 
     </span>
     <span class='ocr_line' id='line_1_4' title="bbox 270 842 2030 934; baseline 0.002 -19"><span class='ocrx_word' id='word_1_24' title='bbox 270 851 351 934; x_wconf 89' lang='lat' dir='ltr'><strong>apta</strong></span> <span class='ocrx_word' id='word_1_25' title='bbox 372 846 535 913; x_wconf 86' lang='lat' dir='ltr'><strong>sententie</strong></span> <span class='ocrx_word' id='word_1_26' title='bbox 557 849 685 912; x_wconf 76' lang='lat' dir='ltr'>careret</span> <span class='ocrx_word' id='word_1_27' title='bbox 706 842 808 933; x_wconf 89' lang='lat' dir='ltr'><strong>(deun</strong></span> <span class='ocrx_word' id='word_1_28' title='bbox 831 843 883 910; x_wconf 92' lang='lat' dir='ltr'><strong>die</strong></span> <span class='ocrx_word' id='word_1_29' title='bbox 904 843 1012 911; x_wconf 67' lang='lat' dir='ltr'><strong>Nesse</strong></span> <span class='ocrx_word' id='word_1_30' title='bbox 1034 845 1146 911; x_wconf 90' lang='lat' dir='ltr'><strong>mecht</strong></span> <span class='ocrx_word' id='word_1_31' title='bbox 1168 843 1220 911; x_wconf 91' lang='lat' dir='ltr'><strong>die</strong></span> <span class='ocrx_word' id='word_1_32' title='bbox 1243 843 1338 911; x_wconf 90' lang='lat' dir='ltr'><strong>Haut</strong></span> <span class='ocrx_word' id='word_1_33' title='bbox 1357 842 1449 910; x_wconf 90' lang='lat' dir='ltr'><strong>nicht</strong></span> <span class='ocrx_word' id='word_1_34' title='bbox 1473 843 1690 930; x_wconf 82' lang='lat' dir='ltr'><strong>„tluhend“),</strong></span> <span class='ocrx_word' id='word_1_35' title='bbox 1722 847 1929 933; x_wconf 80' lang='lat' dir='ltr'><strong>redarguisse</strong></span> <span class='ocrx_word' id='word_1_36' title='bbox 1950 850 2030 918; x_wconf 91' lang='lat' dir='ltr'><strong>mihi</strong></span> 
     </span>
     <span class='ocr_line' id='line_1_5' title="bbox 270 945 2028 1038; baseline 0.002 -22"><span class='ocrx_word' id='word_1_37' title='bbox 270 949 411 1030; x_wconf 63' lang='lat' dir='ltr'><strong>videtum</strong></span> <span class='ocrx_word' id='word_1_38' title='bbox 433 947 535 1034; x_wconf 87' lang='lat' dir='ltr'><strong>ipsius</strong></span> <span class='ocrx_word' id='word_1_39' title='bbox 558 953 668 1015; x_wconf 88' lang='lat' dir='ltr'><strong>sutem</strong></span> <span class='ocrx_word' id='word_1_40' title='bbox 682 945 818 1027; x_wconf 80' lang='lat' dir='ltr'><strong>Keclrii,</strong></span> <span class='ocrx_word' id='word_1_41' title='bbox 841 946 897 1031; x_wconf 91' lang='lat' dir='ltr'><strong>qni</strong></span> <span class='ocrx_word' id='word_1_42' title='bbox 918 947 1055 1030; x_wconf 75' lang='grc' dir='ltr'><em>ἔμπεδον</em></span> <span class='ocrx_word' id='word_1_43' title='bbox 1076 950 1167 1024; x_wconf 82' lang='grc' dir='ltr'><em>σίνος</em></span> <span class='ocrx_word' id='word_1_44' title='bbox 1189 951 1227 1012; x_wconf 89' lang='lat' dir='ltr'><strong>ut</strong></span> <span class='ocrx_word' id='word_1_45' title='bbox 1248 946 1484 1031; x_wconf 90' lang='lat' dir='ltr'><strong>appositionem</strong></span> <span class='ocrx_word' id='word_1_46' title='bbox 1505 946 1632 1014; x_wconf 90' lang='lat' dir='ltr'><strong>lineolis</strong></span> <span class='ocrx_word' id='word_1_47' title='bbox 1648 949 1782 1015; x_wconf 79' lang='lat' dir='ltr'><strong>seclusit</strong></span> <span class='ocrx_word' id='word_1_48' title='bbox 1804 955 1837 1016; x_wconf 88' lang='lat' dir='ltr'><strong>et</strong></span> <span class='ocrx_word' id='word_1_49' title='bbox 1853 953 1942 1038; x_wconf 83' lang='grc' dir='ltr'><em>χρόα</em></span> <span class='ocrx_word' id='word_1_50' title='bbox 1957 973 2028 1020; x_wconf 88' lang='lat' dir='ltr'><strong>esse</strong></span> 
     </span>
     <span class='ocr_line' id='line_1_6' title="bbox 271 1048 2028 1138; baseline 0.002 -20"><span class='ocrx_word' id='word_1_51' title='bbox 271 1051 435 1119; x_wconf 89' lang='lat' dir='ltr'><strong>obiectum</strong></span> <span class='ocrx_word' id='word_1_52' title='bbox 456 1049 500 1117; x_wconf 91' lang='lat' dir='ltr'><strong>ed</strong></span> <span class='ocrx_word' id='word_1_53' title='bbox 520 1048 763 1136; x_wconf 76' lang='grc' dir='ltr'><em>κατεψάκαζον</em></span> <span class='ocrx_word' id='word_1_54' title='bbox 783 1049 917 1130; x_wconf 77' lang='lat' dir='ltr'><strong>statuit,</strong></span> <span class='ocrx_word' id='word_1_55' title='bbox 948 1070 1013 1115; x_wconf 92' lang='lat' dir='ltr'><strong>uon</strong></span> <span class='ocrx_word' id='word_1_56' title='bbox 1034 1049 1138 1128; x_wconf 83' lang='lat' dir='ltr'><strong>minus</strong></span> <span class='ocrx_word' id='word_1_57' title='bbox 1167 1048 1340 1116; x_wconf 83' lang='lat' dir='ltr'><strong>refutanda</strong></span> <span class='ocrx_word' id='word_1_58' title='bbox 1368 1054 1419 1116; x_wconf 89' lang='lat' dir='ltr'><strong>est</strong></span> <span class='ocrx_word' id='word_1_59' title='bbox 1442 1049 1591 1134; x_wconf 87' lang='lat' dir='ltr'><strong>(„Regen</strong></span> <span class='ocrx_word' id='word_1_60' title='bbox 1617 1050 1684 1116; x_wconf 91' lang='lat' dir='ltr'><strong>und</strong></span> <span class='ocrx_word' id='word_1_61' title='bbox 1707 1049 1780 1118; x_wconf 74' lang='lat' dir='ltr'><strong>unu</strong></span> <span class='ocrx_word' id='word_1_62' title='bbox 1802 1050 2028 1138; x_wconf 86' lang='lat' dir='ltr'><strong>hasprengten,</strong></span> 
     </span>
     <span class='ocr_line' id='line_1_7' title="bbox 274 1147 2030 1239; baseline -0.001 -17"><span class='ocrx_word' id='word_1_63' title='bbox 274 1155 325 1222; x_wconf 90' lang='lat' dir='ltr'><strong>ein</strong></span> <span class='ocrx_word' id='word_1_64' title='bbox 354 1155 418 1222; x_wconf 80' lang='lat' dir='ltr'><strong>ties</strong></span> <span class='ocrx_word' id='word_1_65' title='bbox 446 1155 516 1222; x_wconf 91' lang='lat' dir='ltr'><strong>sich</strong></span> <span class='ocrx_word' id='word_1_66' title='bbox 548 1153 785 1221; x_wconf 87' lang='lat' dir='ltr'><strong>einfresssndes</strong></span> <span class='ocrx_word' id='word_1_67' title='bbox 807 1151 1015 1232; x_wconf 87' lang='lat' dir='ltr'><strong>Verderben,</strong></span> <span class='ocrx_word' id='word_1_68' title='bbox 1045 1173 1163 1219; x_wconf 89' lang='lat' dir='ltr'><strong>unsere</strong></span> <span class='ocrx_word' id='word_1_69' title='bbox 1191 1152 1298 1232; x_wconf 82' lang='lat' dir='ltr'><strong>Haut,</strong></span> <span class='ocrx_word' id='word_1_70' title='bbox 1332 1151 1380 1218; x_wconf 88' lang='lat' dir='ltr'><strong>sie</strong></span> <span class='ocrx_word' id='word_1_71' title='bbox 1412 1150 1476 1217; x_wconf 82' lang='lat' dir='ltr'><strong>volt</strong></span> <span class='ocrx_word' id='word_1_72' title='bbox 1508 1171 1570 1217; x_wconf 82' lang='lat' dir='ltr'><strong>von</strong></span> <span class='ocrx_word' id='word_1_73' title='bbox 1593 1147 1812 1218; x_wconf 83' lang='lat' dir='ltr'><strong>Geschwttren</strong></span> <span class='ocrx_word' id='word_1_74' title='bbox 1840 1154 2030 1239; x_wconf 87' lang='lat' dir='ltr'><strong>machend);</strong></span> 
     </span>
     <span class='ocr_line' id='line_1_8' title="bbox 273 1253 2031 1341; baseline 0.001 -17"><span class='ocrx_word' id='word_1_75' title='bbox 273 1255 419 1325; x_wconf 87' lang='lat' dir='ltr'><strong>ordinem</strong></span> <span class='ocrx_word' id='word_1_76' title='bbox 440 1263 550 1325; x_wconf 90' lang='lat' dir='ltr'><strong>autem</strong></span> <span class='ocrx_word' id='word_1_77' title='bbox 571 1256 743 1323; x_wconf 86' lang='lat' dir='ltr'><strong>verborum</strong></span> <span class='ocrx_word' id='word_1_78' title='bbox 764 1259 832 1322; x_wconf 91' lang='lat' dir='ltr'><strong>tam</strong></span> <span class='ocrx_word' id='word_1_79' title='bbox 862 1259 1048 1322; x_wconf 89' lang='lat' dir='ltr'><strong>contortum</strong></span> <span class='ocrx_word' id='word_1_80' title='bbox 1075 1261 1109 1321; x_wconf 89' lang='lat' dir='ltr'><strong>et</strong></span> <span class='ocrx_word' id='word_1_81' title='bbox 1135 1256 1337 1341; x_wconf 89' lang='lat' dir='ltr'><strong>implicatum</strong></span> <span class='ocrx_word' id='word_1_82' title='bbox 1358 1258 1396 1319; x_wconf 87' lang='lat' dir='ltr'><strong>ut</strong></span> <span class='ocrx_word' id='word_1_83' title='bbox 1417 1257 1578 1318; x_wconf 76' lang='lat' dir='ltr'><strong>statueret</strong></span> <span class='ocrx_word' id='word_1_84' title='bbox 1598 1253 1767 1338; x_wconf 87' lang='lat' dir='ltr'><strong>exemphs,</strong></span> <span class='ocrx_word' id='word_1_85' title='bbox 1800 1256 1917 1339; x_wconf 89' lang='lat' dir='ltr'><strong>quibus</strong></span> <span class='ocrx_word' id='word_1_86' title='bbox 1940 1263 2031 1325; x_wconf 87' lang='lat' dir='ltr'><strong>tren·</strong></span> 
     </span>
     <span class='ocr_line' id='line_1_9' title="bbox 272 1354 2029 1448; baseline 0.001 -23"><span class='ocrx_word' id='word_1_87' title='bbox 272 1359 385 1426; x_wconf 87' lang='lat' dir='ltr'><strong>sitivus</strong></span> <span class='ocrx_word' id='word_1_88' title='bbox 406 1359 499 1426; x_wconf 82' lang='lat' dir='ltr'><strong>verbi</strong></span> <span class='ocrx_word' id='word_1_89' title='bbox 519 1356 778 1448; x_wconf 84' lang='grc' dir='ltr'><em>καταψακάζειυ</em></span> <span class='ocrx_word' id='word_1_90' title='bbox 805 1379 884 1424; x_wconf 92' lang='lat' dir='ltr'><strong>usus</strong></span> <span class='ocrx_word' id='word_1_91' title='bbox 917 1357 1172 1438; x_wconf 88' lang='lat' dir='ltr'><strong>demonstretur,</strong></span> <span class='ocrx_word' id='word_1_92' title='bbox 1203 1361 1382 1423; x_wconf 89' lang='lat' dir='ltr'><strong>commotus</strong></span> <span class='ocrx_word' id='word_1_93' title='bbox 1405 1375 1476 1422; x_wconf 87' lang='lat' dir='ltr'><strong>esse</strong></span> <span class='ocrx_word' id='word_1_94' title='bbox 1498 1354 1640 1438; x_wconf 66' lang='lat' dir='ltr'><strong>videtum</strong></span> <span class='ocrx_word' id='word_1_95' title='bbox 1676 1356 1715 1421; x_wconf 89' lang='lat' dir='ltr'><strong>cf.</strong></span> <span class='ocrx_word' id='word_1_96' title='bbox 1740 1355 1828 1424; x_wconf 90' lang='lat' dir='ltr'><strong>Plut.</strong></span> <span class='ocrx_word' id='word_1_97' title='bbox 1850 1359 1946 1426; x_wconf 87' lang='lat' dir='ltr'><strong>Alex.</strong></span> <span class='ocrx_word' id='word_1_98' title='bbox 1970 1365 2029 1428; x_wconf 82' lang='lat'><strong>35:</strong></span> 
     </span>
     <span class='ocr_line' id='line_1_10' title="bbox 272 1457 2042 1550; baseline 0.002 -24"><span class='ocrx_word' id='word_1_99' title='bbox 272 1462 437 1528; x_wconf 83' lang='grc' dir='ltr'><em>στενωπὸν</em></span> <span class='ocrx_word' id='word_1_100' title='bbox 458 1461 611 1550; x_wconf 69' lang='grc' dir='ltr'><em>ἐλαφροῖς</em></span> <span class='ocrx_word' id='word_1_101' title='bbox 632 1465 681 1545; x_wconf 81' lang='grc' dir='ltr'><em>τῷ</em></span> <span class='ocrx_word' id='word_1_102' title='bbox 704 1461 873 1548; x_wconf 79' lang='grc' dir='ltr'><em>φαρμάκῳ</em></span> <span class='ocrx_word' id='word_1_103' title='bbox 895 1465 1137 1548; x_wconf 71' lang='grc' dir='ltr'><em>κατεψέκασαν</em></span> <span class='ocrx_word' id='word_1_104' title='bbox 1160 1463 1195 1525; x_wconf 92' lang='lat' dir='ltr'><strong>et</strong></span> <span class='ocrx_word' id='word_1_105' title='bbox 1209 1457 1355 1544; x_wconf 82' lang='lat' dir='ltr'><strong>Geopou.</strong></span> <span class='ocrx_word' id='word_1_106' title='bbox 1379 1461 1407 1525; x_wconf 84' lang='lat'><strong>5.</strong></span> <span class='ocrx_word' id='word_1_107' title='bbox 1429 1461 1479 1524; x_wconf 88' lang='grc'><strong>39.</strong></span> <span class='ocrx_word' id='word_1_108' title='bbox 1504 1462 1538 1525; x_wconf 82' lang='lat'><strong>2:</strong></span> <span class='ocrx_word' id='word_1_109' title='bbox 1564 1457 1625 1534; x_wconf 85' lang='grc' dir='ltr'><em>τάς</em></span> <span class='ocrx_word' id='word_1_110' title='bbox 1647 1457 1812 1541; x_wconf 78' lang='grc' dir='ltr'><em>ἀμπέλους</em></span> <span class='ocrx_word' id='word_1_111' title='bbox 1833 1478 2015 1550; x_wconf 88' lang='grc' dir='ltr'><em>καταψεκα</em></span> <span class='ocrx_word' id='word_1_112' title='bbox 2038 1514 2042 1520; x_wconf 88' lang='grc'>.</span> 
     </span>
     <span class='ocr_line' id='line_1_11' title="bbox 270 1552 2103 1648; baseline 0.003 -20"><span class='ocrx_word' id='word_1_113' title='bbox 270 1569 377 1631; x_wconf 65' lang='lat' dir='ltr'><strong>urse.</strong></span> <span class='ocrx_word' id='word_1_114' title='bbox 423 1562 491 1631; x_wconf 83' lang='lat' dir='ltr'><strong>Sed</strong></span> <span class='ocrx_word' id='word_1_115' title='bbox 517 1569 556 1630; x_wconf 89' lang='lat' dir='ltr'><strong>ut</strong></span> <span class='ocrx_word' id='word_1_116' title='bbox 576 1563 687 1630; x_wconf 78' lang='lat' dir='ltr'><strong>Iretini</strong></span> <span class='ocrx_word' id='word_1_117' title='bbox 719 1562 832 1629; x_wconf 91' lang='lat' dir='ltr'><strong>dicunt</strong></span> <span class='ocrx_word' id='word_1_118' title='bbox 864 1583 1037 1648; x_wconf 82' lang='lat' dir='ltr'><strong>aspergere</strong></span> <span class='ocrx_word' id='word_1_119' title='bbox 1066 1568 1099 1628; x_wconf 95' lang='lat' dir='ltr'><strong>et</strong></span> <span class='ocrx_word' id='word_1_120' title='bbox 1125 1561 1223 1628; x_wconf 92' lang='lat' dir='ltr'><strong>alicui</strong></span> <span class='ocrx_word' id='word_1_121' title='bbox 1249 1559 1375 1646; x_wconf 86' lang='lat' dir='ltr'><strong>aliquid</strong></span> <span class='ocrx_word' id='word_1_122' title='bbox 1406 1565 1439 1626; x_wconf 91' lang='lat' dir='ltr'><strong>et</strong></span> <span class='ocrx_word' id='word_1_123' title='bbox 1460 1559 1586 1644; x_wconf 88' lang='lat' dir='ltr'><strong>aliquid</strong></span> <span class='ocrx_word' id='word_1_124' title='bbox 1614 1560 1724 1647; x_wconf 88' lang='lat' dir='ltr'><strong>eliqua</strong></span> <span class='ocrx_word' id='word_1_125' title='bbox 1750 1583 1802 1641; x_wconf 89' lang='lat' dir='ltr'><strong>re,</strong></span> <span class='ocrx_word' id='word_1_126' title='bbox 1838 1563 1885 1630; x_wconf 92' lang='lat' dir='ltr'><strong>sio</strong></span> <span class='ocrx_word' id='word_1_127' title='bbox 1909 1561 2029 1633; x_wconf 78' lang='lat' dir='ltr'><strong>Graeci</strong></span> <span class='ocrx_word' id='word_1_128' title='bbox 2070 1552 2103 1586; x_wconf 45' lang='lat'><strong>*⁸</strong></span> 
     </span>
     <span class='ocr_line' id='line_1_12' title="bbox 271 1659 2030 1755; baseline 0.002 -24"><span class='ocrx_word' id='word_1_129' title='bbox 271 1665 371 1733; x_wconf 84' lang='lat' dir='ltr'><strong>verba</strong></span> <span class='ocrx_word' id='word_1_130' title='bbox 385 1665 511 1748; x_wconf 84' lang='lat' dir='ltr'><strong>similia,</strong></span> <span class='ocrx_word' id='word_1_131' title='bbox 533 1671 632 1752; x_wconf 88' lang='lat' dir='ltr'><strong>etque</strong></span> <span class='ocrx_word' id='word_1_132' title='bbox 648 1685 687 1731; x_wconf 85' lang='lat' dir='ltr'><strong>ea</strong></span> <span class='ocrx_word' id='word_1_133' title='bbox 701 1663 811 1745; x_wconf 85' lang='lat' dir='ltr'><strong>verbe,</strong></span> <span class='ocrx_word' id='word_1_134' title='bbox 828 1663 945 1749; x_wconf 87' lang='lat' dir='ltr'><strong>quibus</strong></span> <span class='ocrx_word' id='word_1_135' title='bbox 959 1685 1019 1749; x_wconf 90' lang='lat' dir='ltr'><strong>pro</strong></span> <span class='ocrx_word' id='word_1_136' title='bbox 1035 1659 1291 1755; x_wconf 56' lang='lat' dir='ltr'><strong>umenecessitatis</strong></span> <span class='ocrx_word' id='word_1_137' title='bbox 1304 1662 1400 1748; x_wconf 78' lang='lat' dir='ltr'><strong>vulgo</strong></span> <span class='ocrx_word' id='word_1_138' title='bbox 1416 1666 1552 1729; x_wconf 88' lang='lat' dir='ltr'><strong>utuntur</strong></span> <span class='ocrx_word' id='word_1_139' title='bbox 1566 1664 1714 1750; x_wconf 80' lang='grc' dir='ltr'><em>(ῥαίνειν,</em></span> <span class='ocrx_word' id='word_1_140' title='bbox 1728 1665 1926 1751; x_wconf 81' lang='grc' dir='ltr'><em>έπιρῥαίνειν</em></span> <span class='ocrx_word' id='word_1_141' title='bbox 1942 1672 2030 1750; x_wconf 83' lang='lat' dir='ltr'><strong>ete),</strong></span> 
     </span>
     <span class='ocr_line' id='line_1_13' title="bbox 272 1764 2030 1853; baseline -0.001 -16"><span class='ocrx_word' id='word_1_142' title='bbox 272 1774 461 1837; x_wconf 87' lang='lat' dir='ltr'><strong>construere</strong></span> <span class='ocrx_word' id='word_1_143' title='bbox 476 1773 673 1836; x_wconf 86' lang='lat' dir='ltr'><strong>consuenmt</strong></span> <span class='ocrx_word' id='word_1_144' title='bbox 694 1771 732 1832; x_wconf 89' lang='grc' dir='ltr'><em>τί</em></span> <span class='ocrx_word' id='word_1_145' title='bbox 750 1790 829 1851; x_wconf 66' lang='grc' dir='ltr'><em>τινα</em></span> <span class='ocrx_word' id='word_1_146' title='bbox 852 1767 942 1834; x_wconf 86' lang='lat' dir='ltr'><strong>nulle</strong></span> <span class='ocrx_word' id='word_1_147' title='bbox 964 1769 1064 1853; x_wconf 84' lang='lat' dir='ltr'><strong>igitur</strong></span> <span class='ocrx_word' id='word_1_148' title='bbox 1082 1773 1134 1835; x_wconf 90' lang='lat' dir='ltr'><strong>est</strong></span> <span class='ocrx_word' id='word_1_149' title='bbox 1146 1767 1302 1849; x_wconf 87' lang='lat' dir='ltr'><strong>offensio,</strong></span> <span class='ocrx_word' id='word_1_150' title='bbox 1324 1765 1352 1832; x_wconf 91' lang='lat' dir='ltr'><strong>si</strong></span> <span class='ocrx_word' id='word_1_151' title='bbox 1375 1765 1494 1832; x_wconf 88' lang='lat' dir='ltr'><strong>dicitur</strong></span> <span class='ocrx_word' id='word_1_152' title='bbox 1508 1764 1749 1849; x_wconf 78' lang='grc' dir='ltr'><em>κατεψάκαζον</em></span> <span class='ocrx_word' id='word_1_153' title='bbox 1772 1769 1908 1848; x_wconf 84' lang='grc' dir='ltr'><em>ίμπεδον</em></span> <span class='ocrx_word' id='word_1_154' title='bbox 1930 1772 2030 1848; x_wconf 87' lang='grc' dir='ltr'><em>σίνος.</em></span> 
     </span>
     <span class='ocr_line' id='line_1_14' title="bbox 274 1868 1520 1956; baseline -0.002 -21"><span class='ocrx_word' id='word_1_155' title='bbox 274 1909 317 1920; x_wconf 93' lang='grc'><strong>-</strong></span> <span class='ocrx_word' id='word_1_156' title='bbox 337 1869 501 1956; x_wconf 84' lang='grc' dir='ltr'><em>Ἀνθηρόν</em></span> <span class='ocrx_word' id='word_1_157' title='bbox 523 1893 596 1936; x_wconf 88' lang='lat' dir='ltr'><strong>oum</strong></span> <span class='ocrx_word' id='word_1_158' title='bbox 619 1870 759 1956; x_wconf 83' lang='lat' dir='ltr'><strong>genitivo</strong></span> <span class='ocrx_word' id='word_1_159' title='bbox 781 1869 872 1954; x_wconf 90' lang='lat' dir='ltr'><strong>iungi</strong></span> <span class='ocrx_word' id='word_1_160' title='bbox 892 1870 992 1936; x_wconf 91' lang='lat' dir='ltr'><strong>licere</strong></span> <span class='ocrx_word' id='word_1_161' title='bbox 1012 1871 1083 1936; x_wconf 89' lang='lat' dir='ltr'><strong>iure</strong></span> <span class='ocrx_word' id='word_1_162' title='bbox 1105 1869 1255 1936; x_wconf 82' lang='lat' dir='ltr'><strong>Keclriue</strong></span> <span class='ocrx_word' id='word_1_163' title='bbox 1278 1868 1453 1936; x_wconf 90' lang='lat' dir='ltr'><strong>contendit.</strong></span> <span class='ocrx_word' id='word_1_164' title='bbox 1476 1907 1520 1916; x_wconf 93' lang='lat'><em>-</em></span> 
     </span>
     <span class='ocr_line' id='line_1_15' title="bbox 360 1971 1319 2059; baseline 0 -21"><span class='ocrx_word' id='word_1_165' title='bbox 360 1978 389 2042; x_wconf 88' lang='lat'><strong>9.</strong></span> <span class='ocrx_word' id='word_1_166' title='bbox 413 1971 504 2042; x_wconf 80' lang='lat' dir='ltr'><strong>oto.</strong></span> <span class='ocrx_word' id='word_1_167' title='bbox 528 1977 600 2039; x_wconf 84' lang='lat'><strong>619.</strong></span> <span class='ocrx_word' id='word_1_168' title='bbox 644 1971 730 2040; x_wconf 81' lang='lat' dir='ltr'><strong>Tota</strong></span> <span class='ocrx_word' id='word_1_169' title='bbox 752 1971 887 2059; x_wconf 89' lang='lat' dir='ltr'><strong>stropha</strong></span> <span class='ocrx_word' id='word_1_170' title='bbox 907 1971 941 2037; x_wconf 94' lang='lat' dir='ltr'><strong>in</strong></span> <span class='ocrx_word' id='word_1_171' title='bbox 964 1971 1011 2037; x_wconf 91' lang='lat' dir='ltr'><strong>M.</strong></span> <span class='ocrx_word' id='word_1_172' title='bbox 1038 1972 1085 2037; x_wconf 90' lang='lat' dir='ltr'><strong>sio</strong></span> <span class='ocrx_word' id='word_1_173' title='bbox 1111 1978 1160 2036; x_wconf 89' lang='lat' dir='ltr'><strong>est</strong></span> <span class='ocrx_word' id='word_1_174' title='bbox 1182 1971 1319 2056; x_wconf 89' lang='lat' dir='ltr'><strong>scripta:</strong></span> 
     </span>
    </p>

    <p class='ocr_par' dir='ltr' id='par_1_3' title="bbox 832 2070 1415 2158">
     <span class='ocr_line' id='line_1_16' title="bbox 832 2070 1415 2158; baseline -0.003 -16"><span class='ocrx_word' id='word_1_175' title='bbox 832 2075 899 2142; x_wconf 73' lang='lat' dir='ltr'><strong>suet</strong></span> <span class='ocrx_word' id='word_1_176' title='bbox 921 2076 942 2140; x_wconf 87' lang='lat' dir='ltr'><strong>d</strong></span> <span class='ocrx_word' id='word_1_177' title='bbox 947 2073 953 2096; x_wconf 90' lang='lat'>&#39;</span> <span class='ocrx_word' id='word_1_178' title='bbox 979 2075 1214 2158; x_wconf 79' lang='grc' dir='ltr'><em>ἐπεμνασάμην</em></span> <span class='ocrx_word' id='word_1_179' title='bbox 1236 2070 1415 2156; x_wconf 77' lang='grc' dir='ltr'><em>ἀμειλήηων</em></span> 
     </span>
    </p>

    <p class='ocr_par' dir='ltr' id='par_1_4' title="bbox 831 2176 1363 2264">
     <span class='ocr_line' id='line_1_17' title="bbox 831 2176 1363 2264; baseline -0.002 -21"><span class='ocrx_word' id='word_1_180' title='bbox 831 2178 950 2253; x_wconf 85' lang='grc' dir='ltr'><em>πόνων,</em></span> <span class='ocrx_word' id='word_1_181' title='bbox 973 2176 1123 2261; x_wconf 76' lang='grc' dir='ltr'><em>ἀκαίρως</em></span> <span class='ocrx_word' id='word_1_182' title='bbox 1146 2178 1363 2264; x_wconf 65' lang='lat' dir='ltr'><strong>diducentis</strong></span> 
     </span>
    </p>

    <p class='ocr_par' dir='ltr' id='par_1_5' title="bbox 830 2278 1344 2362">
     <span class='ocr_line' id='line_1_18' title="bbox 830 2278 1344 2362; baseline 0 -19"><span class='ocrx_word' id='word_1_183' title='bbox 830 2278 1006 2362; x_wconf 71' lang='grc' dir='ltr'><em>μαμήλενβ</em></span> <span class='ocrx_word' id='word_1_184' title='bbox 1033 2278 1211 2358; x_wconf 76' lang='grc' dir='ltr'><em>ἀπεύχετον</em></span> <span class='ocrx_word' id='word_1_185' title='bbox 1232 2279 1344 2360; x_wconf 86' lang='grc' dir='ltr'><em>δόμοις</em></span> 
     </span>
    </p>

    <p class='ocr_par' dir='ltr' id='par_1_6' title="bbox 830 2381 1465 2469">
     <span class='ocr_line' id='line_1_19' title="bbox 830 2381 1465 2469; baseline -0.002 -22"><span class='ocrx_word' id='word_1_186' title='bbox 830 2381 1111 2466; x_wconf 73' lang='grc' dir='ltr'><em>γυναικοβούλους</em></span> <span class='ocrx_word' id='word_1_187' title='bbox 1131 2403 1167 2445; x_wconf 91' lang='grc' dir='ltr'><strong>τε</strong></span> <span class='ocrx_word' id='word_1_188' title='bbox 1181 2383 1323 2461; x_wconf 91' lang='grc' dir='ltr'><em>μήτιδας</em></span> <span class='ocrx_word' id='word_1_189' title='bbox 1336 2387 1465 2469; x_wconf 84' lang='grc' dir='ltr'><em>φρενῶν</em></span> 
     </span>
    </p>

    <p class='ocr_par' dir='ltr' id='par_1_7' title="bbox 832 2479 1234 2572">
     <span class='ocr_line' id='line_1_20' title="bbox 832 2479 1234 2572; baseline 0 -24"><span class='ocrx_word' id='word_1_190' title='bbox 832 2479 879 2550; x_wconf 76' lang='grc' dir='ltr'><strong>ἀπ’</strong></span> <span class='ocrx_word' id='word_1_191' title='bbox 904 2483 999 2570; x_wconf 80' lang='grc' dir='ltr'><em>ἀνδρὶ</em></span> <span class='ocrx_word' id='word_1_192' title='bbox 1021 2484 1234 2572; x_wconf 81' lang='grc' dir='ltr'><em>τευχεσφόρῳ</em></span> 
     </span>
    </p>

    <p class='ocr_par' dir='ltr' id='par_1_8' title="bbox 833 2585 1433 2673">
     <span class='ocr_line' id='line_1_21' title="bbox 833 2585 1433 2673; baseline 0.005 -25"><span class='ocrx_word' id='word_1_193' title='bbox 833 2590 879 2650; x_wconf 80' lang='grc' dir='ltr'><strong>ἐνί</strong></span> <span class='ocrx_word' id='word_1_194' title='bbox 907 2585 1004 2672; x_wconf 80' lang='grc' dir='ltr'><em>ἀνδρὶ</em></span> <span class='ocrx_word' id='word_1_195' title='bbox 1032 2589 1134 2668; x_wconf 80' lang='grc' dir='ltr'><em>δηίοις</em></span> <span class='ocrx_word' id='word_1_196' title='bbox 1160 2586 1299 2650; x_wconf 68' lang='lat' dir='ltr'><strong>&amp;uindice</strong></span> <span class='ocrx_word' id='word_1_197' title='bbox 1331 2588 1433 2673; x_wconf 81' lang='grc' dir='ltr'><em>σέβας</em></span> 
     </span>
    </p>

    <p class='ocr_par' dir='ltr' id='par_1_9' title="bbox 833 2687 1502 2772">
     <span class='ocr_line' id='line_1_22' title="bbox 833 2687 1502 2772; baseline 0.003 -21"><span class='ocrx_word' id='word_1_198' title='bbox 833 2691 917 2752; x_wconf 89' lang='grc' dir='ltr'><em>τίων</em></span> <span class='ocrx_word' id='word_1_199' title='bbox 944 2687 975 2752; x_wconf 86' lang='grc' dir='ltr'><strong>δ’</strong></span> <span class='ocrx_word' id='word_1_200' title='bbox 1001 2689 1218 2771; x_wconf 76' lang='grc' dir='ltr'><em>ἀθέρμαντον</em></span> <span class='ocrx_word' id='word_1_201' title='bbox 1239 2691 1356 2752; x_wconf 78' lang='grc' dir='ltr'><em>ἑστίαν</em></span> <span class='ocrx_word' id='word_1_202' title='bbox 1378 2689 1502 2772; x_wconf 86' lang='grc' dir='ltr'><em>δόμων,</em></span> 
     </span>
    </p>

    <p class='ocr_par' dir='ltr' id='par_1_10' title="bbox 832 2785 1361 2873">
     <span class='ocr_line' id='line_1_23' title="bbox 832 2785 1361 2873; baseline -0.004 -17"><span class='ocrx_word' id='word_1_203' title='bbox 832 2793 1025 2872; x_wconf 76' lang='grc' dir='ltr'><em>γυναικείαν</em></span> <span class='ocrx_word' id='word_1_204' title='bbox 1047 2785 1197 2873; x_wconf 75' lang='grc' dir='ltr'><em>ἄτολμον</em></span> <span class='ocrx_word' id='word_1_205' title='bbox 1231 2791 1361 2871; x_wconf 81' lang='grc' dir='ltr'><em>αίχμάυ.</em></span> 
     </span>
    </p>

    <p class='ocr_par' dir='ltr' id='par_1_11' title="bbox 251 2887 2036 5130">
     <span class='ocr_line' id='line_1_24' title="bbox 358 2887 2032 2980; baseline 0.003 -24"><span class='ocrx_word' id='word_1_206' title='bbox 358 2891 426 2960; x_wconf 83' lang='grc' dir='ltr'><em>Ριο</em></span> <span class='ocrx_word' id='word_1_207' title='bbox 459 2892 607 2980; x_wconf 83' lang='grc' dir='ltr'><em>ἀκαίρως</em></span> <span class='ocrx_word' id='word_1_208' title='bbox 636 2892 675 2960; x_wconf 87' lang='grc' dir='ltr'><strong>δέ</strong></span> <span class='ocrx_word' id='word_1_209' title='bbox 704 2892 846 2958; x_wconf 88' lang='lat' dir='ltr'><strong>coniecit</strong></span> <span class='ocrx_word' id='word_1_210' title='bbox 877 2891 1023 2959; x_wconf 90' lang='lat' dir='ltr'><strong>Botheus</strong></span> <span class='ocrx_word' id='word_1_211' title='bbox 1059 2887 1212 2977; x_wconf 82' lang='grc' dir='ltr'><em>ἀκραίας</em></span> <span class='ocrx_word' id='word_1_212' title='bbox 1244 2893 1295 2974; x_wconf 84' lang='grc' dir='ltr'><strong>δέ,</strong></span> <span class='ocrx_word' id='word_1_213' title='bbox 1333 2892 1536 2978; x_wconf 86' lang='lat' dir='ltr'><strong>Bambsrger</strong></span> <span class='ocrx_word' id='word_1_214' title='bbox 1566 2901 1706 2979; x_wconf 76' lang='grc' dir='ltr'><em>καρανοϊ</em></span> <span class='ocrx_word' id='word_1_215' title='bbox 1741 2894 1793 2972; x_wconf 89' lang='grc' dir='ltr'><strong>δί,</strong></span> <span class='ocrx_word' id='word_1_216' title='bbox 1827 2894 2032 2978; x_wconf 88' lang='lat' dir='ltr'><strong>Hartungius</strong></span> 
     </span>
     <span class='ocr_line' id='line_1_25' title="bbox 274 2990 2036 3080; baseline 0.001 -21"><span class='ocrx_word' id='word_1_217' title='bbox 274 2999 420 3079; x_wconf 80' lang='grc' dir='ltr'><em>μεγαίρω</em></span> <span class='ocrx_word' id='word_1_218' title='bbox 450 2995 501 3077; x_wconf 86' lang='grc' dir='ltr'><strong>δέ,</strong></span> <span class='ocrx_word' id='word_1_219' title='bbox 532 2993 671 3061; x_wconf 88' lang='lat' dir='ltr'><strong>Weilius</strong></span> <span class='ocrx_word' id='word_1_220' title='bbox 705 2993 844 3080; x_wconf 84' lang='grc' dir='ltr'><em>παρήσω</em></span> <span class='ocrx_word' id='word_1_221' title='bbox 867 2994 917 3074; x_wconf 74' lang='grc' dir='ltr'><em>δίς</em></span> <span class='ocrx_word' id='word_1_222' title='bbox 954 2998 1035 3060; x_wconf 89' lang='grc' dir='ltr'><em>τίων</em></span> <span class='ocrx_word' id='word_1_223' title='bbox 1068 2995 1105 3060; x_wconf 86' lang='grc' dir='ltr'><strong>δέ</strong></span> <span class='ocrx_word' id='word_1_224' title='bbox 1134 2995 1273 3060; x_wconf 81' lang='lat' dir='ltr'><strong>mutavit</strong></span> <span class='ocrx_word' id='word_1_225' title='bbox 1306 2990 1470 3062; x_wconf 86' lang='lat' dir='ltr'><strong>Stanleius</strong></span> <span class='ocrx_word' id='word_1_226' title='bbox 1503 2996 1537 3061; x_wconf 93' lang='lat' dir='ltr'><strong>in</strong></span> <span class='ocrx_word' id='word_1_227' title='bbox 1567 3000 1628 3061; x_wconf 86' lang='grc' dir='ltr'><em>τίω</em></span> <span class='ocrx_word' id='word_1_228' title='bbox 1662 2997 1711 3078; x_wconf 83' lang='grc' dir='ltr'><strong>δέ,</strong></span> <span class='ocrx_word' id='word_1_229' title='bbox 1742 2995 1900 3062; x_wconf 80' lang='lat' dir='ltr'><strong>Francius</strong></span> <span class='ocrx_word' id='word_1_230' title='bbox 1933 2995 1966 3061; x_wconf 91' lang='lat' dir='ltr'><strong>in</strong></span> <span class='ocrx_word' id='word_1_231' title='bbox 1998 2999 2036 3061; x_wconf 87' lang='grc' dir='ltr'><em>τί</em></span> 
     </span>
     <span class='ocr_line' id='line_1_26' title="bbox 276 3095 2033 3184; baseline 0.002 -24"><span class='ocrx_word' id='word_1_232' title='bbox 276 3100 332 3184; x_wconf 81' lang='grc' dir='ltr'><strong>φῶ</strong></span> <span class='ocrx_word' id='word_1_233' title='bbox 359 3099 410 3182; x_wconf 84' lang='grc' dir='ltr'><strong>δέ,</strong></span> <span class='ocrx_word' id='word_1_234' title='bbox 441 3096 581 3164; x_wconf 88' lang='lat' dir='ltr'><strong>Weilius</strong></span> <span class='ocrx_word' id='word_1_235' title='bbox 611 3097 646 3162; x_wconf 94' lang='lat' dir='ltr'><strong>in</strong></span> <span class='ocrx_word' id='word_1_236' title='bbox 677 3096 793 3180; x_wconf 87' lang='grc' dir='ltr'><em>τίουσ’;</em></span> <span class='ocrx_word' id='word_1_237' title='bbox 825 3117 952 3164; x_wconf 78' lang='lat' dir='ltr'><strong>versum</strong></span> <span class='ocrx_word' id='word_1_238' title='bbox 985 3101 1048 3163; x_wconf 87' lang='lat'><strong>618</strong></span> <span class='ocrx_word' id='word_1_239' title='bbox 1080 3097 1115 3163; x_wconf 93' lang='lat' dir='ltr'><strong>in</strong></span> <span class='ocrx_word' id='word_1_240' title='bbox 1142 3095 1249 3162; x_wconf 92' lang='lat' dir='ltr'><strong>medio</strong></span> <span class='ocrx_word' id='word_1_241' title='bbox 1282 3095 1444 3182; x_wconf 90' lang='lat' dir='ltr'><strong>relinquo,</strong></span> <span class='ocrx_word' id='word_1_242' title='bbox 1477 3098 1564 3182; x_wconf 90' lang='lat' dir='ltr'><strong>quod</strong></span> <span class='ocrx_word' id='word_1_243' title='bbox 1596 3119 1702 3183; x_wconf 89' lang='lat' dir='ltr'><strong>neque</strong></span> <span class='ocrx_word' id='word_1_244' title='bbox 1730 3097 1893 3182; x_wconf 84' lang='lat' dir='ltr'><strong>probabili</strong></span> <span class='ocrx_word' id='word_1_245' title='bbox 1925 3118 2033 3164; x_wconf 88' lang='lat' dir='ltr'><strong>emen·</strong></span> 
     </span>
     <span class='ocr_line' id='line_1_27' title="bbox 278 3198 2035 3284; baseline -0.001 -17"><span class='ocrx_word' id='word_1_246' title='bbox 278 3199 377 3267; x_wconf 86' lang='lat' dir='ltr'><strong>dandi</strong></span> <span class='ocrx_word' id='word_1_247' title='bbox 399 3201 526 3267; x_wconf 90' lang='lat' dir='ltr'><strong>ratione</strong></span> <span class='ocrx_word' id='word_1_248' title='bbox 549 3221 624 3266; x_wconf 90' lang='lat' dir='ltr'><strong>eum</strong></span> <span class='ocrx_word' id='word_1_249' title='bbox 646 3219 762 3268; x_wconf 81' lang='lat' dir='ltr'><strong>sanem</strong></span> <span class='ocrx_word' id='word_1_250' title='bbox 785 3200 893 3284; x_wconf 89' lang='lat' dir='ltr'><strong>potui,</strong></span> <span class='ocrx_word' id='word_1_251' title='bbox 923 3204 958 3267; x_wconf 89' lang='lat' dir='ltr'><strong>et</strong></span> <span class='ocrx_word' id='word_1_252' title='bbox 979 3200 1023 3266; x_wconf 89' lang='lat' dir='ltr'><strong>ad</strong></span> <span class='ocrx_word' id='word_1_253' title='bbox 1044 3199 1129 3266; x_wconf 88' lang='lat' dir='ltr'><strong>benc</strong></span> <span class='ocrx_word' id='word_1_254' title='bbox 1158 3199 1380 3284; x_wconf 84' lang='lat' dir='ltr'><strong>quaestionem</strong></span> <span class='ocrx_word' id='word_1_255' title='bbox 1404 3198 1636 3266; x_wconf 85' lang='lat' dir='ltr'><strong>conficiendam</strong></span> <span class='ocrx_word' id='word_1_256' title='bbox 1659 3199 1739 3266; x_wconf 90' lang='lat' dir='ltr'><strong>nihil</strong></span> <span class='ocrx_word' id='word_1_257' title='bbox 1759 3203 1916 3283; x_wconf 75' lang='lat' dir='ltr'><strong>pertinet,</strong></span> <span class='ocrx_word' id='word_1_258' title='bbox 1947 3199 2035 3266; x_wconf 90' lang='lat' dir='ltr'><strong>Her·</strong></span> 
     </span>
     <span class='ocr_line' id='line_1_28' title="bbox 251 3297 2033 3388; baseline -0.001 -20"><span class='ocrx_word' id='word_1_259' title='bbox 251 3297 252 3302; x_wconf 64' lang='grc'>’</span> <span class='ocrx_word' id='word_1_260' title='bbox 276 3302 384 3368; x_wconf 87' lang='lat' dir='ltr'><strong>manni</strong></span> <span class='ocrx_word' id='word_1_261' title='bbox 407 3302 609 3370; x_wconf 88' lang='lat' dir='ltr'><strong>coniecturas</strong></span> <span class='ocrx_word' id='word_1_262' title='bbox 630 3308 746 3388; x_wconf 90' lang='lat' dir='ltr'><strong>postea</strong></span> <span class='ocrx_word' id='word_1_263' title='bbox 768 3301 918 3384; x_wconf 83' lang='lat' dir='ltr'><strong>afferam,</strong></span> <span class='ocrx_word' id='word_1_264' title='bbox 949 3324 1022 3368; x_wconf 87' lang='lat' dir='ltr'><strong>curn</strong></span> <span class='ocrx_word' id='word_1_265' title='bbox 1045 3303 1167 3384; x_wconf 87' lang='lat' dir='ltr'><strong>dicam,</strong></span> <span class='ocrx_word' id='word_1_266' title='bbox 1198 3323 1264 3388; x_wconf 86' lang='lat' dir='ltr'><strong>que</strong></span> <span class='ocrx_word' id='word_1_267' title='bbox 1291 3302 1525 3368; x_wconf 88' lang='lat' dir='ltr'><strong>sententiarum</strong></span> <span class='ocrx_word' id='word_1_268' title='bbox 1555 3302 1765 3369; x_wconf 90' lang='lat' dir='ltr'><strong>cohaerentia</strong></span> <span class='ocrx_word' id='word_1_269' title='bbox 1793 3300 1876 3367; x_wconf 89' lang='lat' dir='ltr'><strong>haec</strong></span> <span class='ocrx_word' id='word_1_270' title='bbox 1897 3300 2033 3386; x_wconf 89' lang='lat' dir='ltr'><strong>stropha</strong></span> 
     </span>
     <span class='ocr_line' id='line_1_29' title="bbox 276 3403 2033 3492; baseline -0.002 -20"><span class='ocrx_word' id='word_1_271' title='bbox 276 3425 350 3473; x_wconf 90' lang='lat' dir='ltr'><strong>cum</strong></span> <span class='ocrx_word' id='word_1_272' title='bbox 371 3405 526 3492; x_wconf 85' lang='lat' dir='ltr'><strong>proximis</strong></span> <span class='ocrx_word' id='word_1_273' title='bbox 549 3405 766 3490; x_wconf 88' lang='lat' dir='ltr'><strong>coniungatur</strong></span> <span class='ocrx_word' id='word_1_274' title='bbox 787 3410 822 3472; x_wconf 91' lang='lat' dir='ltr'><strong>et</strong></span> <span class='ocrx_word' id='word_1_275' title='bbox 843 3404 990 3472; x_wconf 89' lang='lat' dir='ltr'><strong>ordinem</strong></span> <span class='ocrx_word' id='word_1_276' title='bbox 1017 3403 1171 3491; x_wconf 87' lang='lat' dir='ltr'><strong>strophae</strong></span> <span class='ocrx_word' id='word_1_277' title='bbox 1193 3427 1216 3487; x_wconf 82' lang='grc' dir='ltr'><em>μ</em></span> <span class='ocrx_word' id='word_1_278' title='bbox 1237 3410 1272 3470; x_wconf 92' lang='lat' dir='ltr'><strong>et</strong></span> <span class='ocrx_word' id='word_1_279' title='bbox 1297 3404 1521 3489; x_wconf 88' lang='lat' dir='ltr'><strong>antistrophae</strong></span> <span class='ocrx_word' id='word_1_280' title='bbox 1544 3427 1566 3488; x_wconf 79' lang='grc' dir='ltr'><em>μ</em></span> <span class='ocrx_word' id='word_1_281' title='bbox 1587 3403 1779 3470; x_wconf 89' lang='lat' dir='ltr'><strong>mutandum</strong></span> <span class='ocrx_word' id='word_1_282' title='bbox 1805 3424 1877 3470; x_wconf 87' lang='lat' dir='ltr'><strong>esse</strong></span> <span class='ocrx_word' id='word_1_283' title='bbox 1901 3403 2033 3469; x_wconf 91' lang='lat' dir='ltr'><strong>demon-</strong></span> 
     </span>
     <span class='ocr_line' id='line_1_30' title="bbox 277 3505 2033 3594; baseline -0.003 -19"><span class='ocrx_word' id='word_1_284' title='bbox 277 3507 397 3576; x_wconf 90' lang='lat' dir='ltr'><strong>strabo.</strong></span> <span class='ocrx_word' id='word_1_285' title='bbox 419 3545 461 3558; x_wconf 92' lang='lat'>-</span> <span class='ocrx_word' id='word_1_286' title='bbox 481 3505 595 3594; x_wconf 82' lang='lat' dir='ltr'><strong>Atque</strong></span> <span class='ocrx_word' id='word_1_287' title='bbox 617 3506 702 3573; x_wconf 88' lang='lat' dir='ltr'><strong>hanc</strong></span> <span class='ocrx_word' id='word_1_288' title='bbox 729 3506 769 3573; x_wconf 91' lang='lat' dir='ltr'><strong>de</strong></span> <span class='ocrx_word' id='word_1_289' title='bbox 799 3527 865 3592; x_wconf 88' lang='lat' dir='ltr'><strong>qua</strong></span> <span class='ocrx_word' id='word_1_290' title='bbox 893 3507 1018 3591; x_wconf 87' lang='lat' dir='ltr'><strong>egimus</strong></span> <span class='ocrx_word' id='word_1_291' title='bbox 1046 3507 1214 3593; x_wconf 89' lang='lat' dir='ltr'><strong>stropham</strong></span> <span class='ocrx_word' id='word_1_292' title='bbox 1242 3505 1329 3573; x_wconf 76' lang='lat' dir='ltr'><strong>vitiis</strong></span> <span class='ocrx_word' id='word_1_293' title='bbox 1350 3527 1415 3572; x_wconf 93' lang='lat' dir='ltr'><strong>uon</strong></span> <span class='ocrx_word' id='word_1_294' title='bbox 1437 3525 1566 3587; x_wconf 89' lang='lat' dir='ltr'><strong>carere,</strong></span> <span class='ocrx_word' id='word_1_295' title='bbox 1594 3528 1689 3573; x_wconf 88' lang='lat' dir='ltr'><strong>nemo</strong></span> <span class='ocrx_word' id='word_1_296' title='bbox 1712 3511 1776 3589; x_wconf 88' lang='lat' dir='ltr'><strong>est,</strong></span> <span class='ocrx_word' id='word_1_297' title='bbox 1807 3506 2033 3590; x_wconf 41' lang='lat' dir='ltr'><strong>quiu‚videet;</strong></span> 
     </span>
     <span class='ocr_line' id='line_1_31' title="bbox 276 3605 2033 3697; baseline -0.002 -20"><span class='ocrx_word' id='word_1_298' title='bbox 276 3611 416 3697; x_wconf 92' lang='lat' dir='ltr'><strong>primum</strong></span> <span class='ocrx_word' id='word_1_299' title='bbox 446 3611 531 3676; x_wconf 92' lang='lat' dir='ltr'><strong>enim</strong></span> <span class='ocrx_word' id='word_1_300' title='bbox 563 3609 718 3694; x_wconf 82' lang='lat' dir='ltr'><strong>languere</strong></span> <span class='ocrx_word' id='word_1_301' title='bbox 750 3608 855 3694; x_wconf 88' lang='lat' dir='ltr'><strong>liquat</strong></span> <span class='ocrx_word' id='word_1_302' title='bbox 884 3605 1049 3694; x_wconf 87' lang='grc' dir='ltr'><em>ἀκαίρως;</em></span> <span class='ocrx_word' id='word_1_303' title='bbox 1081 3610 1308 3694; x_wconf 83' lang='lat' dir='ltr'><strong>intempestive</strong></span> <span class='ocrx_word' id='word_1_304' title='bbox 1336 3608 1423 3674; x_wconf 90' lang='lat' dir='ltr'><strong>euim</strong></span> <span class='ocrx_word' id='word_1_305' title='bbox 1448 3609 1565 3674; x_wconf 91' lang='lat' dir='ltr'><strong>initum</strong></span> <span class='ocrx_word' id='word_1_306' title='bbox 1593 3629 1664 3675; x_wconf 87' lang='lat' dir='ltr'><strong>esse</strong></span> <span class='ocrx_word' id='word_1_307' title='bbox 1692 3607 1972 3694; x_wconf 79' lang='lat' dir='ltr'><strong>Clytaemnestree</strong></span> <span class='ocrx_word' id='word_1_308' title='bbox 2000 3611 2033 3674; x_wconf 90' lang='lat' dir='ltr'><strong>et</strong></span> 
     </span>
     <span class='ocr_line' id='line_1_32' title="bbox 276 3710 2032 3798; baseline -0.002 -19"><span class='ocrx_word' id='word_1_309' title='bbox 276 3712 429 3798; x_wconf 78' lang='lat' dir='ltr'><strong>Aegisthi</strong></span> <span class='ocrx_word' id='word_1_310' title='bbox 451 3712 640 3788; x_wconf 81' lang='lat' dir='ltr'><strong>conubium,</strong></span> <span class='ocrx_word' id='word_1_311' title='bbox 660 3711 870 3778; x_wconf 85' lang='lat' dir='ltr'><strong>vehementer</strong></span> <span class='ocrx_word' id='word_1_312' title='bbox 890 3710 1097 3796; x_wconf 85' lang='lat' dir='ltr'><strong>indignantes</strong></span> <span class='ocrx_word' id='word_1_313' title='bbox 1119 3735 1184 3779; x_wconf 93' lang='lat' dir='ltr'><strong>non</strong></span> <span class='ocrx_word' id='word_1_314' title='bbox 1207 3712 1363 3794; x_wconf 84' lang='lat' dir='ltr'><strong>clament,</strong></span> <span class='ocrx_word' id='word_1_315' title='bbox 1385 3711 1444 3778; x_wconf 90' lang='lat' dir='ltr'><strong>sed</strong></span> <span class='ocrx_word' id='word_1_316' title='bbox 1462 3711 1579 3777; x_wconf 93' lang='lat' dir='ltr'><strong>leniter</strong></span> <span class='ocrx_word' id='word_1_317' title='bbox 1601 3716 1742 3778; x_wconf 84' lang='lat' dir='ltr'><strong>monent</strong></span> <span class='ocrx_word' id='word_1_318' title='bbox 1787 3710 1926 3793; x_wconf 90' lang='lat' dir='ltr'><strong>Deinde,</strong></span> <span class='ocrx_word' id='word_1_319' title='bbox 1948 3731 2032 3795; x_wconf 87' lang='lat' dir='ltr'><strong>quae</strong></span> 
     </span>
     <span class='ocr_line' id='line_1_33' title="bbox 278 3811 2033 3899; baseline -0.001 -18"><span class='ocrx_word' id='word_1_320' title='bbox 278 3819 329 3882; x_wconf 90' lang='lat' dir='ltr'><strong>eet</strong></span> <span class='ocrx_word' id='word_1_321' title='bbox 350 3836 477 3882; x_wconf 88' lang='lat' dir='ltr'><strong>summa</strong></span> <span class='ocrx_word' id='word_1_322' title='bbox 491 3815 585 3882; x_wconf 90' lang='lat' dir='ltr'><strong>huius</strong></span> <span class='ocrx_word' id='word_1_323' title='bbox 601 3812 756 3899; x_wconf 89' lang='lat' dir='ltr'><strong>strophae</strong></span> <span class='ocrx_word' id='word_1_324' title='bbox 772 3811 961 3893; x_wconf 82' lang='lat' dir='ltr'><strong>difficultas,</strong></span> <span class='ocrx_word' id='word_1_325' title='bbox 984 3815 1137 3898; x_wconf 88' lang='lat' dir='ltr'><strong>apodesis</strong></span> <span class='ocrx_word' id='word_1_326' title='bbox 1159 3813 1291 3881; x_wconf 79' lang='lat' dir='ltr'><strong>verbum</strong></span> <span class='ocrx_word' id='word_1_327' title='bbox 1308 3815 1395 3899; x_wconf 92' lang='lat' dir='ltr'><strong>quod</strong></span> <span class='ocrx_word' id='word_1_328' title='bbox 1412 3813 1530 3879; x_wconf 88' lang='lat' dir='ltr'><strong>dicitur</strong></span> <span class='ocrx_word' id='word_1_329' title='bbox 1544 3813 1670 3879; x_wconf 89' lang='lat' dir='ltr'><strong>finitum</strong></span> <span class='ocrx_word' id='word_1_330' title='bbox 1686 3813 1788 3880; x_wconf 88' lang='lat' dir='ltr'><strong>deest.</strong></span> <span class='ocrx_word' id='word_1_331' title='bbox 1832 3812 2033 3879; x_wconf 85' lang='lat' dir='ltr'><strong>Scholiastes</strong></span> 
     </span>
     <span class='ocr_line' id='line_1_34' title="bbox 276 3914 2032 4004; baseline -0.002 -21"><span class='ocrx_word' id='word_1_332' title='bbox 276 3917 405 4004; x_wconf 88' lang='lat' dir='ltr'><strong>quidem</strong></span> <span class='ocrx_word' id='word_1_333' title='bbox 428 3917 773 4002; x_wconf 73' lang='grc' dir='ltr'><em>εδμυναικοβούλσυς</em></span> <span class='ocrx_word' id='word_1_334' title='bbox 799 3938 836 3981; x_wconf 89' lang='grc' dir='ltr'><strong>τε</strong></span> <span class='ocrx_word' id='word_1_335' title='bbox 858 3915 997 3998; x_wconf 88' lang='grc' dir='ltr'><em>μήτιδας</em></span> <span class='ocrx_word' id='word_1_336' title='bbox 1026 3924 1157 4004; x_wconf 73' lang='grc' dir='ltr'><em>φρενῶν</em></span> <span class='ocrx_word' id='word_1_337' title='bbox 1183 3918 1319 3982; x_wconf 86' lang='lat' dir='ltr'><strong>adnotet</strong></span> <span class='ocrx_word' id='word_1_338' title='bbox 1339 3917 1439 3982; x_wconf 87' lang='grc' dir='ltr'><em>λείπει</em></span> <span class='ocrx_word' id='word_1_339' title='bbox 1462 3917 1657 4000; x_wconf 82' lang='grc' dir='ltr'><em>είρμάσατο;</em></span> <span class='ocrx_word' id='word_1_340' title='bbox 1690 3914 1932 3982; x_wconf 91' lang='lat' dir='ltr'><strong>concedendum</strong></span> <span class='ocrx_word' id='word_1_341' title='bbox 1953 3935 2032 3981; x_wconf 88' lang='lat' dir='ltr'><strong>sane</strong></span> 
     </span>
     <span class='ocr_line' id='line_1_35' title="bbox 277 4016 2032 4105; baseline -0.003 -17"><span class='ocrx_word' id='word_1_342' title='bbox 277 4025 343 4101; x_wconf 89' lang='lat' dir='ltr'><strong>est,</strong></span> <span class='ocrx_word' id='word_1_343' title='bbox 376 4021 506 4105; x_wconf 89' lang='lat' dir='ltr'><strong>saepius</strong></span> <span class='ocrx_word' id='word_1_344' title='bbox 529 4017 675 4086; x_wconf 85' lang='lat' dir='ltr'><strong>Graecos</strong></span> <span class='ocrx_word' id='word_1_345' title='bbox 699 4019 746 4085; x_wconf 87' lang='lat' dir='ltr'><strong>ita</strong></span> <span class='ocrx_word' id='word_1_346' title='bbox 767 4017 929 4084; x_wconf 79' lang='lat' dir='ltr'><strong>adverbiis</strong></span> <span class='ocrx_word' id='word_1_347' title='bbox 951 4019 1015 4101; x_wconf 91' lang='lat' dir='ltr'><strong>uti,</strong></span> <span class='ocrx_word' id='word_1_348' title='bbox 1046 4026 1085 4087; x_wconf 91' lang='lat' dir='ltr'><strong>ut</strong></span> <span class='ocrx_word' id='word_1_349' title='bbox 1105 4017 1239 4085; x_wconf 84' lang='lat' dir='ltr'><strong>verbum</strong></span> <span class='ocrx_word' id='word_1_350' title='bbox 1261 4017 1387 4084; x_wconf 89' lang='lat' dir='ltr'><strong>finitum</strong></span> <span class='ocrx_word' id='word_1_351' title='bbox 1408 4037 1474 4082; x_wconf 92' lang='lat' dir='ltr'><strong>non</strong></span> <span class='ocrx_word' id='word_1_352' title='bbox 1495 4018 1637 4102; x_wconf 89' lang='lat' dir='ltr'><strong>positum</strong></span> <span class='ocrx_word' id='word_1_353' title='bbox 1658 4017 1754 4084; x_wconf 84' lang='lat' dir='ltr'><strong>facile</strong></span> <span class='ocrx_word' id='word_1_354' title='bbox 1778 4017 1951 4101; x_wconf 83' lang='lat' dir='ltr'><strong>cogitando</strong></span> <span class='ocrx_word' id='word_1_355' title='bbox 1973 4016 2032 4083; x_wconf 88' lang='lat' dir='ltr'><strong>ed·</strong></span> 
     </span>
     <span class='ocr_line' id='line_1_36' title="bbox 278 4113 2034 4210; baseline -0.003 -22"><span class='ocrx_word' id='word_1_356' title='bbox 278 4121 370 4202; x_wconf 84' lang='lat' dir='ltr'><strong>dent,</strong></span> <span class='ocrx_word' id='word_1_357' title='bbox 399 4127 437 4188; x_wconf 89' lang='lat' dir='ltr'><strong>ut</strong></span> <span class='ocrx_word' id='word_1_358' title='bbox 466 4121 511 4199; x_wconf 81' lang='grc' dir='ltr'><em>ὡς</em></span> <span class='ocrx_word' id='word_1_359' title='bbox 536 4124 680 4201; x_wconf 78' lang='grc' dir='ltr'><em>εὐτυχῶς</em></span> <span class='ocrx_word' id='word_1_360' title='bbox 711 4125 769 4202; x_wconf 90' lang='lat' dir='ltr'><strong>(sc.</strong></span> <span class='ocrx_word' id='word_1_361' title='bbox 803 4125 959 4204; x_wconf 73' lang='grc' dir='ltr'><em>ἐγένετο),</em></span> <span class='ocrx_word' id='word_1_362' title='bbox 995 4116 1048 4188; x_wconf 83' lang='grc' dir='ltr'><strong>ὅτι</strong></span> <span class='ocrx_word' id='word_1_363' title='bbox 1075 4121 1140 4188; x_wconf 82' lang='grc' dir='ltr'><em>οὐκ</em></span> <span class='ocrx_word' id='word_1_364' title='bbox 1166 4123 1318 4210; x_wconf 78' lang='grc' dir='ltr'><em>ἐλήφθην</em></span> <span class='ocrx_word' id='word_1_365' title='bbox 1356 4119 1506 4202; x_wconf 54' lang='grc' dir='ltr'><em>ἔνδοθεν</em></span> <span class='ocrx_word' id='word_1_366' title='bbox 1536 4113 1575 4185; x_wconf 81' lang='grc' dir='ltr'><strong>εὖ</strong></span> <span class='ocrx_word' id='word_1_367' title='bbox 1603 4144 1640 4202; x_wconf 83' lang='grc' dir='ltr'><strong>με</strong></span> <span class='ocrx_word' id='word_1_368' title='bbox 1678 4125 1736 4202; x_wconf 84' lang='lat' dir='ltr'><strong>(sc.</strong></span> <span class='ocrx_word' id='word_1_369' title='bbox 1764 4123 1949 4201; x_wconf 75' lang='grc' dir='ltr'><em>ἐποίησας),</em></span> <span class='ocrx_word' id='word_1_370' title='bbox 1982 4113 2034 4183; x_wconf 84' lang='grc' dir='ltr'><strong>ὅτι</strong></span> 
     </span>
     <span class='ocr_line' id='line_1_37' title="bbox 277 4221 2032 4310; baseline -0.002 -21"><span class='ocrx_word' id='word_1_371' title='bbox 277 4225 399 4310; x_wconf 80' lang='grc' dir='ltr'><em>ὀρθοῖς</em></span> <span class='ocrx_word' id='word_1_372' title='bbox 420 4223 480 4292; x_wconf 86' lang='grc' dir='ltr'><strong>τὸν</strong></span> <span class='ocrx_word' id='word_1_373' title='bbox 500 4231 645 4310; x_wconf 86' lang='grc' dir='ltr'><em>πατέρα,</em></span> <span class='ocrx_word' id='word_1_374' title='bbox 676 4223 717 4290; x_wconf 86' lang='lat' dir='ltr'><strong>ci.</strong></span> <span class='ocrx_word' id='word_1_375' title='bbox 739 4221 894 4309; x_wconf 83' lang='lat' dir='ltr'><strong>Krueger</strong></span> <span class='ocrx_word' id='word_1_376' title='bbox 916 4227 966 4291; x_wconf 87' lang='lat'><strong>62.</strong></span> <span class='ocrx_word' id='word_1_377' title='bbox 991 4229 1020 4292; x_wconf 87' lang='grc'><strong>3.</strong></span> <span class='ocrx_word' id='word_1_378' title='bbox 1043 4229 1072 4290; x_wconf 86' lang='grc'><strong>4.</strong></span> <span class='ocrx_word' id='word_1_379' title='bbox 1117 4223 1185 4291; x_wconf 81' lang='lat' dir='ltr'><strong>Sed</strong></span> <span class='ocrx_word' id='word_1_380' title='bbox 1207 4223 1361 4290; x_wconf 83' lang='lat' dir='ltr'><strong>adverbia</strong></span> <span class='ocrx_word' id='word_1_381' title='bbox 1383 4221 1445 4288; x_wconf 88' lang='lat' dir='ltr'><strong>hac</strong></span> <span class='ocrx_word' id='word_1_382' title='bbox 1467 4224 1593 4289; x_wconf 89' lang='lat' dir='ltr'><strong>retione</strong></span> <span class='ocrx_word' id='word_1_383' title='bbox 1615 4227 1773 4307; x_wconf 89' lang='lat' dir='ltr'><strong>usurpata</strong></span> <span class='ocrx_word' id='word_1_384' title='bbox 1794 4243 1836 4288; x_wconf 90' lang='lat' dir='ltr'><strong>ne</strong></span> <span class='ocrx_word' id='word_1_385' title='bbox 1858 4221 2032 4287; x_wconf 88' lang='lat' dir='ltr'><strong>contuleris</strong></span> 
     </span>
     <span class='ocr_line' id='line_1_38' title="bbox 277 4323 2032 4413; baseline -0.002 -22"><span class='ocrx_word' id='word_1_386' title='bbox 277 4326 322 4392; x_wconf 89' lang='lat' dir='ltr'><strong>ad</strong></span> <span class='ocrx_word' id='word_1_387' title='bbox 343 4347 417 4392; x_wconf 90' lang='lat' dir='ltr'><strong>eum</strong></span> <span class='ocrx_word' id='word_1_388' title='bbox 447 4326 487 4394; x_wconf 88' lang='lat' dir='ltr'><strong>de</strong></span> <span class='ocrx_word' id='word_1_389' title='bbox 510 4348 574 4413; x_wconf 85' lang='lat' dir='ltr'><strong>quo</strong></span> <span class='ocrx_word' id='word_1_390' title='bbox 596 4326 722 4411; x_wconf 85' lang='lat' dir='ltr'><strong>egimus</strong></span> <span class='ocrx_word' id='word_1_391' title='bbox 749 4325 857 4394; x_wconf 91' lang='lat' dir='ltr'><strong>locum</strong></span> <span class='ocrx_word' id='word_1_392' title='bbox 878 4326 1173 4412; x_wconf 69' lang='lat' dir='ltr'><strong>interpretandum</strong></span> <span class='ocrx_word' id='word_1_393' title='bbox 1204 4325 1300 4392; x_wconf 81' lang='lat' dir='ltr'><strong>facile</strong></span> <span class='ocrx_word' id='word_1_394' title='bbox 1335 4325 1420 4390; x_wconf 88' lang='lat' dir='ltr'><strong>euim</strong></span> <span class='ocrx_word' id='word_1_395' title='bbox 1444 4345 1517 4390; x_wconf 90' lang='lat' dir='ltr'><strong>cum</strong></span> <span class='ocrx_word' id='word_1_396' title='bbox 1544 4323 1709 4391; x_wconf 90' lang='lat' dir='ltr'><strong>innostro</strong></span> <span class='ocrx_word' id='word_1_397' title='bbox 1739 4343 1885 4389; x_wconf 91' lang='lat' dir='ltr'><strong>sermone</strong></span> <span class='ocrx_word' id='word_1_398' title='bbox 1907 4329 1977 4389; x_wconf 90' lang='lat' dir='ltr'><strong>tum</strong></span> <span class='ocrx_word' id='word_1_399' title='bbox 1998 4323 2032 4388; x_wconf 94' lang='lat' dir='ltr'><strong>in</strong></span> 
     </span>
     <span class='ocr_line' id='line_1_39' title="bbox 279 4424 2033 4514; baseline -0.003 -20"><span class='ocrx_word' id='word_1_400' title='bbox 279 4424 483 4495; x_wconf 82' lang='lat' dir='ltr'><strong>Graecorum</strong></span> <span class='ocrx_word' id='word_1_401' title='bbox 504 4428 546 4495; x_wconf 86' lang='lat' dir='ltr'><strong>ed</strong></span> <span class='ocrx_word' id='word_1_402' title='bbox 569 4428 673 4496; x_wconf 91' lang='lat' dir='ltr'><strong>solum</strong></span> <span class='ocrx_word' id='word_1_403' title='bbox 696 4428 885 4514; x_wconf 80' lang='lat' dir='ltr'><strong>sdvepbium</strong></span> <span class='ocrx_word' id='word_1_404' title='bbox 907 4429 1076 4514; x_wconf 89' lang='lat' dir='ltr'><strong>suppletur</strong></span> <span class='ocrx_word' id='word_1_405' title='bbox 1097 4428 1245 4510; x_wconf 85' lang='lat' dir='ltr'><strong>verbum,</strong></span> <span class='ocrx_word' id='word_1_406' title='bbox 1278 4427 1369 4493; x_wconf 86' lang='lat' dir='ltr'><strong>cuius</strong></span> <span class='ocrx_word' id='word_1_407' title='bbox 1397 4427 1488 4492; x_wconf 91' lang='lat' dir='ltr'><strong>notio</strong></span> <span class='ocrx_word' id='word_1_408' title='bbox 1510 4426 1554 4491; x_wconf 91' lang='lat' dir='ltr'><strong>sit</strong></span> <span class='ocrx_word' id='word_1_409' title='bbox 1575 4426 1751 4511; x_wconf 86' lang='lat' dir='ltr'><strong>generalis,</strong></span> <span class='ocrx_word' id='word_1_410' title='bbox 1785 4431 1822 4492; x_wconf 89' lang='lat' dir='ltr'><strong>ut</strong></span> <span class='ocrx_word' id='word_1_411' title='bbox 1842 4424 2033 4509; x_wconf 77' lang='grc' dir='ltr'><em>γίγνεσθαι,</em></span> 
     </span>
     <span class='ocr_line' id='line_1_40' title="bbox 278 4528 2032 4612; baseline -0.002 -16"><span class='ocrx_word' id='word_1_412' title='bbox 278 4539 394 4610; x_wconf 58' lang='grc' dir='ltr'><em>ποιεῖν</em></span> <span class='ocrx_word' id='word_1_413' title='bbox 428 4529 486 4597; x_wconf 89' lang='lat' dir='ltr'><strong>sed</strong></span> <span class='ocrx_word' id='word_1_414' title='bbox 507 4532 727 4600; x_wconf 89' lang='lat' dir='ltr'><strong>necessarium</strong></span> <span class='ocrx_word' id='word_1_415' title='bbox 755 4537 806 4598; x_wconf 90' lang='lat' dir='ltr'><strong>est</strong></span> <span class='ocrx_word' id='word_1_416' title='bbox 831 4530 965 4598; x_wconf 85' lang='lat' dir='ltr'><strong>verbum</strong></span> <span class='ocrx_word' id='word_1_417' title='bbox 991 4531 1132 4612; x_wconf 88' lang='lat' dir='ltr'><strong>finitum,</strong></span> <span class='ocrx_word' id='word_1_418' title='bbox 1164 4532 1191 4598; x_wconf 88' lang='lat' dir='ltr'><strong>si</strong></span> <span class='ocrx_word' id='word_1_419' title='bbox 1212 4552 1278 4597; x_wconf 94' lang='lat' dir='ltr'><strong>non</strong></span> <span class='ocrx_word' id='word_1_420' title='bbox 1304 4529 1402 4595; x_wconf 92' lang='lat' dir='ltr'><strong>modo</strong></span> <span class='ocrx_word' id='word_1_421' title='bbox 1425 4528 1628 4612; x_wconf 87' lang='lat' dir='ltr'><strong>adverbium,</strong></span> <span class='ocrx_word' id='word_1_422' title='bbox 1662 4528 1721 4595; x_wconf 89' lang='lat' dir='ltr'><strong>sed</strong></span> <span class='ocrx_word' id='word_1_423' title='bbox 1748 4529 1847 4594; x_wconf 90' lang='lat' dir='ltr'><strong>etiem</strong></span> <span class='ocrx_word' id='word_1_424' title='bbox 1869 4528 2032 4593; x_wconf 90' lang='lat' dir='ltr'><strong>obiectum</strong></span> 
     </span>
     <span class='ocr_line' id='line_1_41' title="bbox 280 4631 2034 4722; baseline -0.002 -23"><span class='ocrx_word' id='word_1_425' title='bbox 280 4634 452 4722; x_wconf 76' lang='grc' dir='ltr'><em>(δυσφιλὲς</em></span> <span class='ocrx_word' id='word_1_426' title='bbox 471 4635 700 4720; x_wconf 79' lang='grc' dir='ltr'><em>μαμήλεαμα),</em></span> <span class='ocrx_word' id='word_1_427' title='bbox 723 4656 787 4721; x_wconf 85' lang='lat' dir='ltr'><strong>quo</strong></span> <span class='ocrx_word' id='word_1_428' title='bbox 809 4633 1014 4700; x_wconf 82' lang='lat' dir='ltr'><strong>referendum</strong></span> <span class='ocrx_word' id='word_1_429' title='bbox 1030 4637 1073 4701; x_wconf 91' lang='lat' dir='ltr'><strong>sit</strong></span> <span class='ocrx_word' id='word_1_430' title='bbox 1086 4633 1226 4700; x_wconf 90' lang='lat' dir='ltr'><strong>indicari</strong></span> <span class='ocrx_word' id='word_1_431' title='bbox 1240 4639 1378 4718; x_wconf 89' lang='lat' dir='ltr'><strong>oportet.</strong></span> <span class='ocrx_word' id='word_1_432' title='bbox 1421 4633 1592 4699; x_wconf 88' lang='lat' dir='ltr'><strong>Postremo</strong></span> <span class='ocrx_word' id='word_1_433' title='bbox 1609 4633 1750 4712; x_wconf 84' lang='lat' dir='ltr'><strong>luerunt,</strong></span> <span class='ocrx_word' id='word_1_434' title='bbox 1772 4636 1810 4694; x_wconf 92' lang='lat' dir='ltr'><strong>ut</strong></span> <span class='ocrx_word' id='word_1_435' title='bbox 1824 4631 2034 4697; x_wconf 88' lang='lat' dir='ltr'><strong>Hermannue</strong></span> 
     </span>
     <span class='ocr_line' id='line_1_42' title="bbox 281 4734 2033 4820; baseline 0.001 -19"><span class='ocrx_word' id='word_1_436' title='bbox 281 4741 315 4804; x_wconf 89' lang='lat' dir='ltr'><strong>et</strong></span> <span class='ocrx_word' id='word_1_437' title='bbox 335 4735 490 4817; x_wconf 89' lang='lat' dir='ltr'><strong>Weilius,</strong></span> <span class='ocrx_word' id='word_1_438' title='bbox 522 4739 578 4820; x_wconf 90' lang='lat' dir='ltr'><strong>qui</strong></span> <span class='ocrx_word' id='word_1_439' title='bbox 599 4737 680 4804; x_wconf 90' lang='lat' dir='ltr'><strong>dnos</strong></span> <span class='ocrx_word' id='word_1_440' title='bbox 702 4757 814 4804; x_wconf 82' lang='lat' dir='ltr'><strong>versus</strong></span> <span class='ocrx_word' id='word_1_441' title='bbox 843 4737 974 4804; x_wconf 89' lang='lat' dir='ltr'><strong>ultimos</strong></span> <span class='ocrx_word' id='word_1_442' title='bbox 1001 4736 1160 4804; x_wconf 92' lang='lat' dir='ltr'><strong>dedomo</strong></span> <span class='ocrx_word' id='word_1_443' title='bbox 1186 4737 1254 4802; x_wconf 82' lang='lat' dir='ltr'><strong>siro</strong></span> <span class='ocrx_word' id='word_1_444' title='bbox 1285 4736 1403 4804; x_wconf 87' lang='lat' dir='ltr'><strong>orbata</strong></span> <span class='ocrx_word' id='word_1_445' title='bbox 1431 4743 1465 4803; x_wconf 89' lang='lat' dir='ltr'><strong>et</strong></span> <span class='ocrx_word' id='word_1_446' title='bbox 1492 4737 1533 4803; x_wconf 92' lang='lat' dir='ltr'><strong>de</strong></span> <span class='ocrx_word' id='word_1_447' title='bbox 1562 4735 1684 4802; x_wconf 91' lang='lat' dir='ltr'><strong>imbelli</strong></span> <span class='ocrx_word' id='word_1_448' title='bbox 1706 4734 1877 4800; x_wconf 91' lang='lat' dir='ltr'><strong>mulierum</strong></span> <span class='ocrx_word' id='word_1_449' title='bbox 1898 4735 2033 4820; x_wconf 91' lang='lat' dir='ltr'><strong>imperio</strong></span> 
     </span>
     <span class='ocr_line' id='line_1_43' title="bbox 282 4835 2033 4926; baseline 0.001 -23"><span class='ocrx_word' id='word_1_450' title='bbox 282 4837 347 4904; x_wconf 91' lang='lat' dir='ltr'><strong>dici</strong></span> <span class='ocrx_word' id='word_1_451' title='bbox 367 4839 662 4926; x_wconf 84' lang='lat' dir='ltr'><strong>interpretarentur</strong></span> <span class='ocrx_word' id='word_1_452' title='bbox 682 4839 744 4922; x_wconf 91' lang='lat' dir='ltr'><strong>ita,</strong></span> <span class='ocrx_word' id='word_1_453' title='bbox 765 4846 804 4905; x_wconf 89' lang='lat' dir='ltr'><strong>ut</strong></span> <span class='ocrx_word' id='word_1_454' title='bbox 824 4841 901 4905; x_wconf 84' lang='lat' dir='ltr'><strong>viris</strong></span> <span class='ocrx_word' id='word_1_455' title='bbox 922 4841 975 4907; x_wconf 82' lang='lat' dir='ltr'><strong>sel</strong></span> <span class='ocrx_word' id='word_1_456' title='bbox 995 4841 1103 4925; x_wconf 91' lang='lat' dir='ltr'><strong>potius</strong></span> <span class='ocrx_word' id='word_1_457' title='bbox 1126 4839 1246 4924; x_wconf 89' lang='lat' dir='ltr'><strong>populo</strong></span> <span class='ocrx_word' id='word_1_458' title='bbox 1260 4838 1429 4923; x_wconf 86' lang='lat' dir='ltr'><strong>indignum</strong></span> <span class='ocrx_word' id='word_1_459' title='bbox 1448 4859 1519 4905; x_wconf 88' lang='lat' dir='ltr'><strong>esse</strong></span> <span class='ocrx_word' id='word_1_460' title='bbox 1540 4837 1685 4904; x_wconf 86' lang='lat' dir='ltr'><strong>mulieris</strong></span> <span class='ocrx_word' id='word_1_461' title='bbox 1701 4835 1900 4905; x_wconf 84' lang='lat' dir='ltr'><strong>dominatum</strong></span> <span class='ocrx_word' id='word_1_462' title='bbox 1917 4838 2033 4904; x_wconf 90' lang='lat' dir='ltr'><strong>chorus</strong></span> 
     </span>
     <span class='ocr_line' id='line_1_44' title="bbox 279 4937 2032 5029; baseline 0.001 -24"><span class='ocrx_word' id='word_1_463' title='bbox 279 4937 487 5025; x_wconf 85' lang='lat' dir='ltr'><strong>significaret.</strong></span> <span class='ocrx_word' id='word_1_464' title='bbox 542 4941 610 5009; x_wconf 82' lang='lat' dir='ltr'><strong>Sed</strong></span> <span class='ocrx_word' id='word_1_465' title='bbox 640 4962 716 5027; x_wconf 88' lang='lat' dir='ltr'><strong>ego,</strong></span> <span class='ocrx_word' id='word_1_466' title='bbox 746 4942 803 5027; x_wconf 89' lang='lat' dir='ltr'><strong>qui</strong></span> <span class='ocrx_word' id='word_1_467' title='bbox 832 4941 1029 5010; x_wconf 88' lang='lat' dir='ltr'><strong>scholiastae</strong></span> <span class='ocrx_word' id='word_1_468' title='bbox 1057 4941 1306 5027; x_wconf 71' lang='grc' dir='ltr'><em>(ἀθέρμαντον</em></span> <span class='ocrx_word' id='word_1_469' title='bbox 1347 4942 1578 5029; x_wconf 89' lang='grc' dir='ltr'><em>σἰθράσυντον)</em></span> <span class='ocrx_word' id='word_1_470' title='bbox 1606 4940 1800 5025; x_wconf 89' lang='lat' dir='ltr'><strong>adstipulor,</strong></span> <span class='ocrx_word' id='word_1_471' title='bbox 1833 4940 1876 5006; x_wconf 91' lang='lat' dir='ltr'><strong>ad</strong></span> <span class='ocrx_word' id='word_1_472' title='bbox 1904 4938 2032 5025; x_wconf 81' lang='lat' dir='ltr'><strong>Clytae-</strong></span> 
     </span>
     <span class='ocr_line' id='line_1_45' title="bbox 281 5042 2032 5130; baseline -0.002 -20"><span class='ocrx_word' id='word_1_473' title='bbox 281 5049 443 5112; x_wconf 87' lang='lat' dir='ltr'><strong>mnestrae</strong></span> <span class='ocrx_word' id='word_1_474' title='bbox 454 5045 615 5113; x_wconf 81' lang='lat' dir='ltr'><strong>nefarium</strong></span> <span class='ocrx_word' id='word_1_475' title='bbox 629 5045 756 5113; x_wconf 83' lang='lat' dir='ltr'><strong>lacinus</strong></span> <span class='ocrx_word' id='word_1_476' title='bbox 771 5045 1048 5130; x_wconf 79' lang='lat' dir='ltr'><strong>dominatumque,</strong></span> <span class='ocrx_word' id='word_1_477' title='bbox 1071 5045 1148 5111; x_wconf 89' lang='lat' dir='ltr'><strong>dum</strong></span> <span class='ocrx_word' id='word_1_478' title='bbox 1161 5045 1211 5110; x_wconf 87' lang='lat' dir='ltr'><strong>vir</strong></span> <span class='ocrx_word' id='word_1_479' title='bbox 1226 5045 1357 5124; x_wconf 89' lang='lat' dir='ltr'><strong>eberat,</strong></span> <span class='ocrx_word' id='word_1_480' title='bbox 1377 5045 1424 5109; x_wconf 89' lang='lat' dir='ltr'><strong>ite</strong></span> <span class='ocrx_word' id='word_1_481' title='bbox 1437 5042 1558 5128; x_wconf 89' lang='lat' dir='ltr'><strong>respici</strong></span> <span class='ocrx_word' id='word_1_482' title='bbox 1572 5051 1666 5128; x_wconf 92' lang='lat' dir='ltr'><strong>puto,</strong></span> <span class='ocrx_word' id='word_1_483' title='bbox 1688 5049 1725 5112; x_wconf 88' lang='lat' dir='ltr'><strong>nt</strong></span> <span class='ocrx_word' id='word_1_484' title='bbox 1738 5043 1819 5110; x_wconf 90' lang='lat' dir='ltr'><strong>fides</strong></span> <span class='ocrx_word' id='word_1_485' title='bbox 1833 5044 1866 5109; x_wconf 89' lang='lat' dir='ltr'><strong>in</strong></span> <span class='ocrx_word' id='word_1_486' title='bbox 1881 5043 2032 5111; x_wconf 86' lang='lat' dir='ltr'><strong>maritum</strong></span> 
     </span>
    </p>
   </div>
   <div class='ocr_carea' id='block_1_3' title="bbox 0 0 2320 5696">
    <p class='ocr_par' dir='ltr' id='par_1_12' title="bbox 0 0 2320 5696">
     <span class='ocr_line' id='line_1_46' title="bbox 0 0 2320 5696; baseline 0 0"><span class='ocrx_word' id='word_1_487' title='bbox 0 0 2320 5696; x_wconf 95' lang='lat' dir='ltr'><strong> </strong></span> 
     </span>
    </p>
   </div>
  </div>
 </body>
</html>
