4616 5696
1088 455 1126 519 15

227 661 446 724 taemneetrae
473 655 598 724 facinus
627 661 780 723 enarrata
807 662 895 738 sunt,
929 655 1181 741 comprobatur?
1230 656 1361 724 Deinde
1389 656 1501 742 primis
1530 656 1753 741 antistrophae
1780 682 1802 738 y
1828 656 1984 734 versibus,

228 759 357 827 etiamsi
378 764 494 825 κακῶν
515 759 551 826 dd
573 759 790 847 πρεσβεύεται
811 780 871 843 pro
899 767 1012 824 κακῶν
1031 757 1099 847 γὰρ
1126 761 1346 848 πρεσβεύεται
1368 758 1492 826 dictum
1514 760 1695 846 putaveris,
1721 779 1835 826 vereor
1857 764 1894 824 ut
1916 759 1984 824 eius

227 861 409 928 sententiae
432 861 657 945 comprobatio
686 861 904 943 contineatur,
934 881 1018 945 quae
1045 864 1180 948 stropha
1201 885 1223 944 y
1245 862 1449 946 exprimitur.
1472 899 1515 912 —
1536 861 1616 928 Mea
1637 862 1738 946 igitur
1766 855 1928 927 sententia
1949 863 1986 924 ut

228 963 334 1031 oratio
361 963 445 1030 bene
471 963 642 1046 procedat,
675 963 739 1042 nisi
766 963 909 1048 strophis
938 965 1132 1047 permutatis
1160 963 1245 1030 effici
1272 985 1338 1030 non
1370 968 1489 1047 potest
1542 961 1610 1029 Sed
1639 968 1870 1048 praeterquam
1899 961 1987 1048 quod

226 1065 352 1131 frustra
372 1064 433 1130 viri
455 1064 542 1130 docti
558 1070 671 1149 aptum
687 1065 842 1131 orationis
858 1085 1047 1150 processum
1062 1067 1361 1151 sententiarumque
1382 1067 1626 1132 cohaerentiam
1641 1066 1768 1131 efficere
1784 1065 1986 1142 studuerunt,

227 1167 312 1234 haec
338 1167 444 1233 habeo
472 1172 679 1252 argumenta,
711 1168 830 1251 quibus
856 1167 944 1234 idern
971 1166 1219 1234 demonstretur.
1265 1169 1352 1235 Nam
1379 1168 1519 1253 primurn
1551 1187 1591 1233 ea
1617 1168 1681 1246 ua,
1716 1189 1781 1252 qua
1803 1165 1986 1251 Aeschylus

229 1269 371 1335 animum
392 1273 540 1334 nostrum
561 1271 595 1334 in
611 1269 905 1355 Clytaemnestram
922 1269 990 1334 vult
1010 1269 1170 1352 imbuere,
1192 1271 1378 1355 insequenti
1392 1269 1590 1336 Lesbiorum
1612 1270 1735 1337 scelere
1758 1269 1860 1334 multo
1883 1269 1988 1351 magis

229 1369 416 1437 detestabili
438 1371 555 1436 mirum
578 1376 735 1454 qnantum
758 1372 915 1438 minuitur
931 1370 1163 1456 (πρεσβεύεται
1185 1378 1243 1438 aut
1267 1373 1426 1458 „maxime
1449 1371 1654 1438 celebratur“
1677 1372 1792 1437 Herm.
1809 1375 1866 1438 aut
1878 1369 1988 1452 μεῖζον

227 1471 425 1554 ὀνομάζεται
448 1472 572 1553 schol).
617 1471 748 1539 Deinde
770 1495 798 1539 v.
822 1477 881 1540 621
906 1473 1027 1540 mentio
1055 1473 1094 1539 fit
1119 1475 1296 1555 ἀμειλίχων
1321 1473 1444 1555 πόνων;
1477 1474 1537 1540 sed
1558 1473 1693 1559 stropha
1721 1479 1754 1539 et
1781 1473 1989 1558 antistropha

227 1574 254 1658 β
273 1593 314 1640 ne
335 1574 434 1641 verbo
458 1574 590 1659 quidem
611 1574 661 1639 illi
682 1575 824 1641 immites
846 1574 976 1642 labores
998 1576 1276 1660 perstringuntur,
1298 1577 1360 1641 nisi
1382 1598 1409 1641 r.
1434 1581 1495 1641 610
1518 1595 1597 1642 voce
1620 1575 1836 1663 ἀπροβούλως
1858 1571 1988 1658 Scyllae

232 1675 378 1741 laborem
400 1675 565 1760 quendam
587 1676 768 1742 indicatum
790 1679 837 1742 sis
860 1682 919 1742 aut
932 1675 1094 1762 Meleagri
1116 1683 1216 1762 atque
1233 1678 1307 1744 Nisi
1328 1678 1458 1745 labores
1482 1678 1547 1744 dici
1569 1683 1680 1763 putea,
1704 1697 1785 1762 quos
1808 1684 1892 1759 tum,
1915 1697 1988 1742 oum

230 1776 285 1842 ille
309 1782 466 1858 amatre,
489 1778 543 1844 hic
564 1778 666 1844 afilia
680 1777 844 1845 interfecti
866 1785 955 1862 sunt,
979 1779 1199 1864 pertulerunt3
1221 1800 1297 1846 nam
1312 1780 1427 1846 horum
1448 1779 1579 1847 labores
1601 1786 1694 1846 erant
1708 1779 1839 1846 illerum
1855 1777 1988 1856 scelera,

230 1880 279 1945 ita
306 1885 344 1947 ut
367 1903 432 1947 uno
464 1887 564 1967 atque
596 1881 711 1948 eodem
737 1882 882 1950 facinore
915 1883 1004 1948 necis
1031 1882 1198 1948 laboribus
1232 1882 1512 1966 obstringerentur
1539 1881 1719 1962 interfecti,
1752 1881 1989 1947 interfectrices

233 1984 365 2050 sceleris
388 1985 536 2064 crimine,
572 2005 646 2050 cum
667 1985 729 2051 hoc
752 1985 880 2070 dequo
909 1984 1035 2068 agimus
1056 1983 1130 2050 loco
1159 1983 1242 2050 tales
1272 1987 1519 2052 commemorari
1548 1983 1677 2050 labores
1699 1984 1840 2068 liqueat,
1871 1984 1927 2067 qui
1950 2002 1989 2047 ex

232 2083 296 2151 illis
318 2085 503 2170 parricidiis
526 2087 724 2168 exstiterint;
747 2086 805 2152 sed
828 2093 1023 2153 enarrantur
1043 2087 1078 2152 hi
1099 2088 1183 2152 tales
1196 2087 1326 2153 labores
1349 2087 1381 2152 in
1396 2085 1590 2154 Lesbiarum
1614 2087 1759 2154 facinore
1776 2083 1989 2152 describendo

232 2194 273 2267 (v.
302 2189 363 2253 625
389 2186 610 2273 θεοστυγήτῳ
639 2189 672 2254 δ’
703 2183 778 2270 ἄγει
805 2190 939 2275 βροτῶν
972 2187 1147 2270 ἀτιμωθὲν
1173 2195 1299 2268 οἴχεται
1325 2193 1439 2271 γένος.)
1484 2187 1633 2254 Tertium
1665 2193 1765 2273 atque
1798 2187 1833 2253 id
1860 2185 1990 2270 quidem

232 2290 458 2374 gravissimum
473 2297 699 2373 argumentum
714 2295 778 2373 est,
801 2292 890 2377 quod
904 2291 1098 2359 scholiastes
1119 2313 1204 2374 eum,
1227 2312 1324 2376 quern
1339 2290 1577 2358 restituendum
1591 2291 1759 2376 proposui,
1784 2291 1990 2373 stropharum

233 2391 381 2458 ordinem
396 2397 529 2458 secutus
544 2413 615 2458 esse
630 2391 773 2474 ridetur3
796 2393 988 2460 adversum
1011 2398 1072 2461 619
1090 2394 1175 2460 enim
1190 2393 1340 2462 adnotat:
1364 2395 1598 2481 ἀθέρμαντον·
1622 2394 1849 2480 aequaverat.
1872 2391 1928 2490 dccl
1951 2389 1989 2456 τὸ

232 2493 365 2579 θράσος
385 2494 453 2582 γάρ
475 2491 613 2577 ᾅδονται
635 2500 672 2560 αλ
693 2495 855 2579 Λήμνιος
878 2494 936 2561 sed
959 2495 1030 2580 quis
1054 2501 1117 2578 est,
1135 2496 1208 2580 ¹qui
1229 2517 1303 2562 eum
1319 2497 1529 2563 Lemniorum
1551 2495 1684 2562 sceleris
1707 2493 1807 2563 ullam
1830 2495 1992 2558 facturum

233 2597 335 2662 tuisse
349 2596 546 2662 mentionem
561 2602 668 2681 putet,
691 2598 755 2663 nisi
770 2603 868 2664 antea
882 2598 945 2663 hoc
961 2597 1067 2664 scelus
1081 2604 1250 2665 narratum
1266 2596 1375 2664 esset?
1397 2597 1474 2666 Non
1487 2599 1634 2683 respexit
1647 2597 1793 2682 profecto
1809 2595 1992 2678 exemplum

235 2698 323 2782 quod
345 2699 507 2784 sequitur,
530 2699 587 2766 sed
610 2697 698 2785 quod
719 2701 908 2783 praecessit.
953 2699 1049 2766 Haeo
1065 2699 1180 2782 habui,
1204 2700 1323 2785 quibus
1339 2701 1485 2767 ordinem
1500 2702 1653 2785 strophae
1676 2705 1754 2782 yet
1768 2697 1991 2780 antistrophae

233 2800 461 2882 rmutandum
484 2821 554 2868 esse
575 2801 656 2868 mihi
678 2801 805 2868 viderer
819 2802 1100 2869 demonstravisse.
1115 2843 1156 2853 -
1170 2802 1221 2869 At
1242 2803 1348 2870 eidem
1371 2802 1582 2884 scholiastae,
1606 2823 1680 2868 cum
1693 2824 1721 2868 v.
1739 2805 1802 2868 624
1823 2801 1863 2865 τὸ
1887 2797 1992 2864 δεινόν

233 2903 467 2989 interpretatus
491 2909 541 2969 est
562 2923 621 2988 per
643 2903 681 2969 τὸ
705 2903 796 2971 acroi
818 2903 1138 2992 Κλυταιμνήστρας,
1165 2905 1316 2990 vulgatus
1344 2905 1552 2989 stropharum
1581 2905 1660 2971 ordo
1689 2909 1766 2972 ante
1789 2904 1901 2969 oeulos
1922 2921 1992 2966 rer·

236 3009 326 3072 satus
348 3025 419 3072 esse
441 3006 577 3073 ridetur.
623 3005 715 3092 Nam,
733 3007 761 3073 si
782 3027 874 3074 meus
905 3007 984 3074 ordo
1006 3008 1180 3092 probatur,
1209 3029 1279 3073 rem
1301 3027 1366 3074 non
1388 3006 1653 3093 praecedentem,
1687 3005 1746 3072 sed
1767 3006 1992 3088 insequentem

235 3107 360 3200 tetigit,
387 3106 421 3173 id
444 3106 532 3192 quod
553 3109 623 3193 ipse
645 3109 724 3176 ferri
745 3130 810 3175 non
831 3129 927 3194 posse
955 3129 1055 3194 supra
1076 3111 1245 3192 contendi,
1280 3132 1353 3177 oum
1384 3110 1423 3176 de
1452 3109 1576 3176 scholio
1598 3130 1709 3176 versus
1738 3113 1798 3174 617
1822 3106 1992 3192 disputavi.

235 3211 285 3278 At
302 3211 498 3278 Lesbiorum
520 3213 626 3278 scelus
648 3232 781 3297 prorsus
802 3212 963 3296 ignotum,
986 3212 1176 3298 priusquam
1202 3218 1390 3280 enarratum
1411 3219 1477 3294 est,
1499 3212 1567 3278 noli
1589 3211 1735 3278 conferre
1763 3231 1836 3275 cum
1862 3205 1992 3294 olyrac-

235 3318 411 3394 mnestrae,
444 3312 484 3379 de
507 3334 570 3398 quo
592 3319 663 3380 toto
685 3313 748 3380 hoo
771 3315 928 3398 carmine,
959 3319 1031 3380 tota
1051 3315 1114 3382 hac
1135 3314 1247 3383 fabula
1270 3316 1387 3400 agitur.
1432 3313 1586 3382 Getarum
1606 3319 1725 3399 poetae
1747 3312 1847 3379 rerba
1869 3308 1993 3396 ᾔκασεν

235 3417 275 3483 δέ
286 3439 336 3494 τις
349 3416 389 3482 τὸ
403 3415 507 3482 δεινὸν
521 3413 563 3482 ἄν
577 3416 759 3501 Λημνίαισι
773 3417 907 3499 πήμασι,
923 3419 1040 3501 quibus
1055 3417 1212 3484 scholium
1227 3418 1267 3483 τὸ
1287 3418 1379 3484 nard
1393 3415 1698 3504 Κλυταιμνήστρας
1716 3415 1918 3499 adscriptum
1934 3419 1992 3492 est,

236 3519 298 3584 etsi
324 3518 501 3604 praecipue
529 3519 573 3586 ad
595 3517 876 3606 Clytaemnestrae
905 3525 999 3586 atrox
1029 3517 1154 3587 facinus
1183 3521 1364 3604 pertinent,
1394 3521 1442 3586 ita
1464 3525 1574 3586 tamen
1597 3519 1796 3598 dictasunt,
1829 3523 1867 3583 ut
1888 3513 1993 3580 simile

236 3619 376 3687 cuiusvis
397 3622 541 3688 mulieris
564 3621 670 3688 scelus
694 3622 890 3706 designetur.

321 3719 564 3790 Sententiarum
591 3725 691 3808 igitur
713 3723 923 3790 cohaerentia
946 3729 997 3790 est
1017 3723 1115 3791 haec:
1155 3725 1385 3808 „Immanitate
1411 3725 1537 3790 famosa
1560 3729 1611 3790 eat
1637 3725 1808 3790 mulierum
1831 3719 1993 3798 Thestias,
2067 3811 2074 3816 q

238 3845 320 3910 quae
342 3847 401 3892 suo
421 3826 496 3910 ipsa
516 3825 583 3894 filio
605 3831 743 3892 mortem
765 3826 922 3894 attulerit.
966 3823 1046 3893 Alia
1068 3827 1244 3911 quaedam,
1266 3825 1393 3912 Scylla,
1415 3831 1544 3911 patrem
1565 3824 1749 3910 prodidisse
1764 3823 1886 3890 Minois
1902 3820 1994 3887 donis

240 3933 394 4013 corrupta
415 3928 525 3994 fertur.
570 3928 769 3995 Facinornm
784 3935 894 3996 autem
910 3951 1068 3996 summum
1092 3950 1164 3995 esse
1179 3930 1370 4014 praedicant
1384 3927 1595 3995 Lemniarum
1610 3927 1862 3993 abominandum
1877 3925 1993 4002 scelus,

236 4051 319 4115 quae
347 4030 482 4096 maritos
509 4036 719 4111 necaverunt3
748 4031 783 4097 in
809 4033 973 4116 proverbii
1000 4053 1095 4098 usum
1122 4032 1219 4113 abiit,
1254 4037 1290 4097 ut
1317 4037 1411 4098 atrox
1440 4030 1575 4114 quodvis
1604 4030 1729 4096 facinus
1757 4049 1831 4094 cum
1855 4025 1993 4093 Lemnio

236 4138 450 4218 comparetur.
495 4131 631 4201 Nefario
652 4132 830 4218 parricidio
853 4139 924 4200 tota
950 4154 1028 4218 gens
1056 4133 1156 4218 perit3
1189 4133 1279 4199 nulla
1306 4133 1393 4199 enim
1421 4154 1532 4200 aarum
1562 4137 1706 4212 veretur,
1739 4151 1823 4214 quae
1846 4129 1896 4193 dis
1919 4125 1993 4192 odio

235 4239 318 4302 sunt.
362 4232 509 4320 Quorum
532 4235 691 4302 scelerum
714 4237 877 4319 quodnam
898 4257 962 4304 non
991 4237 1061 4304 iure
1085 4233 1213 4303 affero?
1257 4233 1324 4302 Sed
1347 4234 1500 4318 quoniam
1530 4235 1672 4300 immites
1699 4233 1830 4300 labores
1853 4249 1995 4296 comme·

235 4338 373 4416 morari,
396 4337 451 4404 odi
478 4337 632 4404 infestum
655 4337 936 4425 Clytaemnestrae
959 4344 993 4403 et
1013 4335 1167 4422 Aegisthi
1190 4335 1362 4404 conubium
1391 4342 1424 4402 et
1445 4336 1591 4403 mulieris
1616 4337 1649 4402 in
1671 4337 1824 4402 maritum
1847 4332 1993 4410 iusidias,

236 4438 310 4506 colo
331 4437 438 4506 focum
459 4439 637 4505 sceleribus
659 4461 723 4506 non
737 4439 897 4524 pollutum
919 4445 953 4506 et
973 4439 1117 4506 mulieris
1140 4438 1275 4506 concilia
1294 4437 1446 4522 iactaque
1468 4439 1511 4505 ab
1528 4438 1667 4505 audacia
1682 4437 1797 4504 aliena.
1841 4434 1992 4500 Iustitiae

236 4547 346 4608 autem
368 4541 495 4625 gladius
517 4547 652 4626 pectora
671 4542 851 4626 transfigit;
875 4541 967 4608 nefas
991 4541 1075 4607 enim
1098 4561 1163 4608 nou
1184 4541 1380 4625 neglegitur:
1404 4561 1532 4606 omnem
1556 4544 1639 4608 enim
1655 4541 1742 4605 Iovis
1765 4536 1992 4604 verecundiam

235 4643 445 4710 iniustissime
458 4644 688 4711 violaverunt.“
734 4645 987 4723 Animadverte,
1010 4645 1144 4710 chorum
1166 4642 1314 4709 ordinem
1329 4643 1491 4728 quendam
1511 4645 1672 4709 atrocium
1687 4643 1867 4709 facinorum
1889 4643 1957 4702 stat
1980 4675 1992 4687 -

235 4744 315 4813 isse:
359 4743 514 4813 Thestias
535 4747 699 4813 interemit
720 4745 821 4814 filium
844 4767 951 4829 suurn,
977 4743 1088 4833 Scylla
1109 4750 1250 4830 patrem,
1273 4744 1415 4814 Lesbiae
1437 4749 1561 4821 autem,
1582 4745 1616 4810 id
1640 4743 1885 4830 quodomnium
1907 4761 1992 4806 sum·

235 4867 323 4914 mum
345 4866 418 4915 esse
440 4848 565 4914 facinus
588 4848 675 4915 fama
698 4848 901 4932 celebratur,
923 4849 1077 4932 maritos;
1099 4848 1147 4915 ita
1167 4847 1216 4926 fit,
1240 4851 1277 4914 ut
1291 4847 1572 4932 Clytaemnestrae
1594 4847 1735 4928 facinus,
1760 4866 1843 4930 quae
1866 4849 1899 4908 et
1919 4844 1993 4930 ipsa

236 4951 389 5017 maritum
410 4949 599 5032 trucidarit,
622 4952 655 5017 in
677 4972 875 5018 summarum
898 4953 1058 5018 scelerum
1079 4970 1214 5018 numero
1237 4955 1386 5035 ponatur.
1408 4987 1450 4999 -
