4616 5696
1150 449 1169 509 7

279 647 432 714 ridemus.
477 644 544 713 Sed
566 649 641 712 utra
661 644 877 732 praeferenda
900 667 971 714 esse
986 646 1135 716 rideatur
1155 654 1194 715 ut
1206 649 1396 730 iudicemus,
1419 648 1568 716 codicum
1589 648 1688 717 lectio
1703 650 1924 733 recensenda,
1937 653 2030 717 scho-

278 749 394 819 liastae
416 747 641 833 investiganda
663 753 722 816 est

362 849 476 937 Atque
497 849 668 916 verborum
690 848 782 916 libris
796 851 1026 935 manuscriptis
1048 853 1196 918 omnibus
1218 853 1422 938 vulgatorum
1438 855 1519 920 haec
1535 859 1585 920 est
1599 855 1813 922 constructio:
1836 854 1873 937 ἐξ
1892 855 2033 943 οὐρανοῦ

279 954 316 1019 dd
337 951 425 1020 κάττὸ
447 961 506 1035 γῆς
528 955 704 1034 λειμωνίας
726 952 841 1035 δρόσοι
856 952 1106 1045 κατεψάκαζον,
1128 957 1268 1037 ἔμπεδον
1288 959 1380 1033 σίνος
1395 953 1602 1038 ἐσθημάτων
1626 951 1732 1038 (ὅντες
1746 959 1797 1024 vel
1812 960 1918 1043 potius
1933 952 2033 1024 οὖσαι

278 1056 349 1138 ναί)
373 1058 526 1133 τιθέντες
548 1055 691 1137 ἔνθηρον
712 1059 810 1142 τρίχα
835 1078 873 1142 ,a
895 1057 987 1124 caelo
1010 1063 1044 1124 et
1065 1079 1086 1123 a
1106 1063 1201 1143 prato
1221 1078 1312 1125 rores
1328 1057 1550 1138 destillabant,
1574 1079 1658 1144 quae
1681 1065 1753 1126 erat
1766 1066 1925 1145 perpetua
1938 1061 2033 1126 resti-

279 1167 461 1226 mentorum
494 1178 594 1239 noxa,
628 1156 764 1240 capillos
796 1157 971 1225 reddentes
1004 1157 1169 1240 efferatos,
1202 1160 1224 1227 i.
1254 1183 1281 1226 e.
1311 1161 1503 1228 uestimenta
1534 1167 1691 1246 perpetuo
1725 1167 1968 1248 corrumpentes
2000 1166 2034 1227 et

278 1260 414 1347 capillos
436 1260 611 1327 reddentes
633 1258 813 1327 efferatos.“
859 1259 958 1326 Hanc
986 1280 1056 1327 esse
1084 1261 1257 1329 verborum
1283 1265 1561 1330 constructionem
1588 1262 1665 1329 inde
1693 1271 1845 1349 apparet,
1876 1263 1976 1350 quod,
2005 1261 2033 1327 si

279 1365 378 1432 verbo
407 1360 661 1450 κατεψάκαζον,
692 1361 727 1427 id
757 1361 844 1447 quod
872 1362 1026 1449 exemplis
1057 1363 1228 1449 probatur,
1260 1366 1463 1431 transitivarn
1495 1365 1690 1450 aspergeudi
1716 1365 1780 1432 vim
1807 1367 2032 1445 tribueremus,

280 1467 370 1533 cuius
399 1465 563 1532 obiectum
596 1469 683 1530 esset
718 1463 855 1548 ἔμπεδον
889 1466 980 1541 σίνος
1015 1467 1221 1550 ἐσθημάτων
1250 1469 1377 1554 (δρόσοι
1418 1467 1658 1558 κατεψάκαζον
1693 1473 1783 1545 σίνος
1821 1468 2034 1551 ἐσθημάτων,

278 1571 431 1645 τιθέντες
451 1568 597 1654 ένθηρον
613 1569 741 1652 τρίχα),
764 1568 962 1633 constructio
978 1571 1159 1635 curatione
1174 1570 1301 1636 variata
1323 1575 1419 1651 esset,
1441 1575 1479 1636 ut
1494 1591 1554 1655 pro
1569 1570 1668 1638 verbo
1684 1570 1775 1637 finito
1789 1573 1848 1637 καὶ
1870 1570 2034 1636 ἐτίθεσαν

202 1719 207 1730 .
279 1673 485 1758 participium
507 1676 697 1756 poneretur,
720 1689 816 1754 quem
838 1691 931 1736 usum
953 1669 1032 1737 ferri
1053 1692 1118 1738 non
1138 1690 1234 1756 posse
1249 1676 1364 1758 postea
1386 1672 1430 1739 ad
1445 1669 1525 1739 Oho.
1541 1677 1602 1740 619
1626 1672 1929 1740 demonstrabimus.
1966 1669 2034 1738 Sed

279 1777 313 1842 in
335 1775 398 1841 hac
420 1773 660 1842 constructione
682 1773 762 1840 mihi
782 1772 911 1840 ridetur
933 1773 1128 1858 reprehendi
1149 1795 1245 1858 posse
1267 1774 1416 1860 primum,
1440 1775 1527 1860 quod
1548 1776 1638 1842 verbi
1659 1773 1916 1862 ναταψαιιάζειν
1938 1775 2034 1858 signi·

279 1877 390 1946 ficatio
413 1883 464 1943 est
483 1876 696 1956 intransitiva,
720 1897 795 1942 curn
814 1875 985 1943 hansitiva
1000 1875 1155 1960 exemplis
1179 1877 1423 1961 comprobetur3
1446 1876 1563 1945 deiude
1579 1878 1667 1964 quud
1689 1880 1755 1944 άπὸ
1774 1885 1835 1961 γῆς
1857 1880 2034 1959 λειμωνίας

279 1976 518 2068 κατεψάκαζον
549 1978 786 2061 (destillabant)
814 1979 920 2046 minus
947 1986 1024 2065 apte
1053 1980 1176 2047 dictum
1203 2001 1275 2047 esse
1300 1980 1428 2048 videtur
1454 1980 1495 2047 de
1523 1981 1673 2064 humore,
1708 1983 1763 2066 qui
1788 1981 1886 2046 humo
1908 1980 2036 2046 levatur

238 2083 242 2094 ’
281 2084 335 2166 (ci.
356 2081 455 2150 Keclr
476 2104 506 2167 p.
529 2085 619 2164 302);
647 2080 777 2148 accedit
799 2080 887 2167 quod
908 2082 1014 2148 altera
1034 2103 1112 2167 pars
1134 2084 1347 2166 appositionis
1371 2089 1483 2167 (quam
1504 2081 1658 2169 Krueger
1680 2089 1730 2150 57.
1753 2089 1773 2149 9
1796 2081 2035 2168 paratheticam

280 2183 469 2272 appellarit)
502 2204 567 2250 non
597 2183 800 2251 substantivo
828 2183 931 2265 (verbi
962 2185 1068 2268 gratia
1097 2184 1308 2271 άιεανρίωσις
1336 2194 1393 2267 τῆς
1415 2187 1554 2272 τριχός),
1587 2185 1674 2270 quod
1703 2189 1943 2272 exspectamus,
1977 2181 2034 2249 sed

279 2287 452 2374 participio
486 2285 661 2367 (τιθέντες)
693 2285 897 2370 adiungitur,
931 2286 1023 2353 cuius
1050 2306 1128 2353 usus
1154 2287 1259 2352 simile
1286 2288 1467 2374 exemplum
1493 2288 1637 2354 invenire
1665 2309 1728 2353 nou
1756 2287 1856 2372 potui.
1909 2283 2035 2370 Quodsi

282 2391 431 2458 codicum
452 2386 553 2454 verba
573 2387 745 2455 retinenda
767 2408 838 2454 esse
853 2387 1039 2472 videantur,
1062 2390 1169 2456 omnia
1192 2410 1245 2472 ea,
1269 2411 1354 2474 quae
1369 2389 1636 2475 reprehendenda
1658 2410 1729 2456 esse
1745 2389 1871 2466 censui,
1894 2386 2037 2454 sermoni

280 2493 323 2559 ad
346 2489 571 2577 quotidianam
592 2489 859 2556 consuetudinem
880 2489 1012 2575 propius
1038 2490 1220 2573 accedenti,
1248 2512 1344 2576 quem
1365 2492 1470 2560 nuntii
1491 2490 1858 2577 famulique'Aeschylsi
1874 2489 2035 2556 ,adhibere

281 2595 401 2672 solent,
433 2591 607 2658 tribuenda
639 2592 712 2661 siut
755 2591 869 2677 Atque
901 2592 984 2658 haec
1016 2593 1146 2678 quidem
1179 2593 1220 2659 de
1252 2594 1486 2679 significatione
1516 2595 1690 2660 verborum
1720 2598 1754 2660 et
1785 2593 2034 2660 constructione.
2136 2643 2139 2654 .

281 2693 483 2766 Sententiam
503 2714 595 2773 vero,
629 2713 726 2780 quam
748 2695 887 2760 maxime
908 2695 969 2760 viri
1001 2694 1090 2762 docti
1119 2700 1232 2781 (atque
1260 2696 1436 2782 praecipue
1462 2695 1543 2763 illud
1570 2697 1725 2774 τιθέντες
1754 2698 1897 2784 ένθηρον
1924 2697 2035 2784 τρίχα)

279 2820 345 2866 non
371 2804 440 2864 tam
468 2797 563 2863 iustis
590 2795 711 2876 causis,
742 2816 840 2882 quam
867 2798 939 2864 ioco
968 2801 1001 2864 et
1029 2797 1170 2865 ludibrio
1198 2799 1468 2884 impugnaverunt
1496 2798 1550 2880 (oi.
1572 2799 1751 2884 Hartuugii
1773 2799 1852 2882 ed),
1885 2797 2036 2883 equidem

280 2899 399 2968 iniuria
419 2897 463 2965 ab
485 2895 650 2984 Aeschylo
678 2917 750 2965 esse
778 2897 1001 2965 abiudicatam
1022 2899 1102 2965 mihi
1129 2901 1276 2986 persuasi
1305 2921 1410 2985 neque
1437 2901 1537 2986 prius
1556 2902 1706 2985 opinione
1734 2901 1905 2982 desistam,
1938 2920 2037 2986 quam

279 3003 329 3071 illi
345 3002 406 3069 viri
427 3020 551 3083 versus,
573 3001 628 3084 qui
650 3002 781 3066 suntin
803 2999 1005 3086 (theophoris
1030 3007 1190 3084 740-48,
1213 3008 1251 3069 ut
1270 3001 1456 3089 Aeschylea
1476 3002 1676 3071 sublimitate
1696 3003 1846 3089 indignos
1867 3005 1971 3070 iustas
1994 3000 2036 3068 ob

282 3125 397 3172 causas
421 3102 607 3170 deleverint.
652 3101 702 3169 At
722 3103 884 3170 sententia
905 3104 939 3170 in
961 3104 1145 3172 uuiversum
1167 3105 1308 3191 probata
1322 3111 1493 3173 remanent
1513 3111 1623 3172 tamen
1645 3105 1722 3173 illae
1744 3112 1811 3173 tres
1834 3127 1915 3191 quas
1938 3126 2037 3189 supra

280 3209 421 3276 diximus
443 3205 653 3273 difficultates
673 3226 780 3291 neque
808 3205 959 3273 codicum
984 3207 1158 3274 lectionem
1183 3209 1316 3275 missam
1342 3206 1451 3274 facere
1479 3207 1648 3289 dubitabo,
1683 3209 1711 3274 si
1734 3228 1773 3275 ea
1794 3207 1905 3286 lectio,
1939 3227 2036 3292 quam

281 3311 473 3380 scholiastes
505 3307 715 3379 Victorianus
747 3314 878 3377 secutus
911 3315 975 3392 est,
1014 3309 1112 3378 modo
1146 3331 1218 3378 eam
1249 3316 1340 3378 recte
1371 3310 1684 3396 investigaverimus,
1718 3309 1933 3396 praeferenda
1965 3329 2036 3376 csse

279 3413 463 3482 videbitur·

366 3513 584 3584 Scholiastam
606 3518 716 3581 autem
738 3512 803 3580 alia
825 3513 977 3582 habuisse
999 3520 1098 3600 utque
1121 3514 1268 3598 codices,
1290 3537 1332 3584 ex
1352 3514 1415 3582 hec
1430 3516 1709 3600 argumentatione
1725 3515 1840 3584 elucet
1872 3512 2037 3598 Ἕμιιεδος
2080 3595 2100 3598 ,-

282 3627 332 3690 est
354 3623 412 3686 aut
431 3615 466 3683 id
488 3615 576 3702 quod
598 3621 673 3696 stat,
695 3615 788 3682 firme
810 3616 860 3683 rei
880 3615 1029 3685 inhaeret
1051 3619 1103 3685 vel
1124 3617 1292 3700 adhaeret,
1314 3623 1352 3685 ut
1372 3620 1513 3700 έμιτεθον
1535 3627 1656 3698 τεῖχος,
1679 3623 1791 3701 μένος,
1814 3622 1872 3685 aut
1891 3616 1926 3682 id
1949 3615 2037 3700 quod
2116 3611 2160 3634 '²‘

280 3726 464 3811 permanet,
493 3723 687 3805 perpetuum
710 3725 776 3797 est,
807 3719 945 3804 exempli
974 3721 1081 3805 gratia
1114 3721 1249 3805 ἔμπεδος
1277 3723 1425 3809 φυλακά,
1456 3723 1588 3805 κομιδή,
1618 3722 1726 3797 πόνος.
1759 3715 1926 3803 ”Eumedes
1948 3723 2038 3794 σίνος

281 3823 485 3907 ἐσθημάτων
515 3827 625 3887 autem
655 3819 736 3886 nihil
765 3819 855 3886 aliud
885 3840 957 3889 esse
986 3828 1095 3907 potest
1123 3824 1186 3889 nisi
1218 3830 1354 3908 „(rores)
1385 3830 1545 3910 perpetua
1571 3824 1670 3890 vestis
1691 3827 1806 3902 noxa“,
1837 3843 1902 3889 non
1927 3822 2036 3904 ,firme

282 3928 364 3993 vesti
383 3925 584 3992 inhaerens.“
630 3921 755 3989 Contra
770 3920 975 4006 scholiastes,
999 3925 1055 4009 qui
1078 3924 1228 3992 codicum
1249 3927 1387 4008 έμιιεθον
1408 3927 1583 4012 explicavit
1603 3947 1663 4010 per
1685 3926 1830 4012 ἑδραῖον,
1852 3927 1920 3992 sine
1937 3923 2035 3990 dubio

159 4061 163 4070 ·
281 4029 416 4112 έμετεδον
438 4046 509 4095 esse
531 4025 633 4092 voluit
653 4025 688 4091 id
710 4025 798 4109 quod
818 4025 909 4091 firme
936 4025 985 4092 rei
1015 4025 1200 4106 inhaereat,
1234 4027 1427 4110 adhaereat3
1460 4047 1623 4113 quaeres
1651 4048 1723 4094 cum
1751 4028 1848 4094 vestis
1879 4047 1950 4092 esse
1972 4045 2036 4090 non

280 4134 397 4218 possit,
419 4136 457 4197 ut
478 4128 750 4214 supradiximus,
774 4149 833 4213 pro
855 4127 1060 4211 ἐσθημάτων
1080 4128 1169 4194 aliud
1191 4129 1224 4196 in
1246 4151 1305 4197 suo
1321 4129 1499 4216 exemplari
1525 4130 1607 4214 legit
1628 4129 1829 4197 vocabulum.
1872 4127 1966 4194 Idem
1996 4147 2036 4192 ex

282 4235 386 4304 altera
406 4231 688 4316 interpretamenti
710 4235 818 4315 parte,
849 4231 910 4297 etsi
931 4235 1044 4316 aperte
1074 4237 1228 4316 corrupta
1251 4238 1314 4312 est,
1343 4234 1564 4317 cognoscitur3
1593 4253 1670 4298 narn
1696 4232 1735 4297 τὰ
1766 4232 2037 4318 περιβεβλημένον

281 4338 358 4421 ἡμῖν
380 4335 528 4416 (κάλλος)
550 4353 616 4399 nou
636 4337 775 4416 vestem,
803 4353 868 4418 qua
888 4331 995 4399 induti
1016 4334 1082 4400 sint
1103 4333 1239 4413 milites,
1273 4334 1331 4401 sed
1353 4334 1452 4401 aliam
1474 4355 1557 4415 rem,
1591 4357 1689 4420 quam
1711 4355 1821 4402 eorum
1844 4330 2034 4417 corporibus

279 4440 396 4506 humor
417 4442 452 4501 et
471 4435 635 4502 aetherius
658 4438 693 4500 et
714 4437 871 4532 terrester
897 4433 1162 4519 circumdederit,
1193 4437 1321 4503 videtur
1347 4437 1541 4522 significare.
1563 4475 1606 4486 -
1629 4436 1736 4522 Quam
1764 4435 1880 4503 scholii
1907 4439 2035 4520 partem

280 4535 485 4622 Hartungius
506 4536 554 4603 itu
574 4542 612 4602 ut
632 4535 691 4601 τὸν
717 4537 990 4624 περιβεβλημένον
1017 4537 1094 4620 ἡμῖν
1120 4539 1224 4618 πηλόν
1252 4559 1311 4624 pro
1334 4539 1372 4604 τὸ
1394 4589 1402 4606 .
1425 4589 1431 4606 .
1454 4539 1606 4616 ,κάλλος
1633 4538 1800 4619 scriberet,
1823 4543 1858 4604 et
1878 4535 2036 4618 Keokius,

280 4647 317 4710 ut
337 4637 532 4709 vocabulum
547 4637 684 4705 adderet
704 4633 808 4720 ἵησιν
830 4638 1003 4728 (φθεῖρον)
1025 4641 1064 4705 τὸ
1086 4641 1359 4728 περιβεβλημένον
1380 4647 1457 4723 ἡμῖν
1478 4643 1613 4722 κάλλος,
1635 4641 1807 4706 restituere
1824 4640 1934 4706 conati
1948 4645 2032 4723 sunt;

281 4743 339 4812 sed
361 4763 433 4809 cum
455 4741 509 4808 bic
538 4759 654 4826 parum
685 4746 762 4825 apte
787 4741 1078 4825 „pulchritudinem
1110 4745 1240 4828 corpori
1268 4745 1521 4812 circumdatam“
1546 4743 1708 4823 tolerarit,
1737 4741 1824 4809 illius
1847 4744 2035 4810 coniectura

278 4866 342 4913 non
368 4863 502 4930 prorsus
529 4843 640 4928 inepta
672 4842 752 4909 mihi
779 4843 909 4928 quidem
942 4844 1069 4912 videtur
1101 4865 1188 4927 esse,
1222 4848 1285 4912 etsi
1318 4867 1394 4914 vera
1422 4847 1538 4913 scholii
1568 4843 1731 4929 scriptura
1758 4845 1826 4911 sine
1850 4844 1949 4911 dubio
1971 4866 2034 4912 nun

279 4947 471 5014 restituitur.
515 4943 601 5012 Nam
623 4945 712 5012 idem
732 4945 952 5028 Hartungius,
975 4947 1030 5032 qui
1054 4947 1170 5014 scholii
1193 4968 1307 5014 vocem
1327 4949 1449 5025 κάλλος
1470 4949 1502 5013 in
1524 4947 1629 5028 πηλόν
1651 4945 1804 5028 mutarit,
1827 4949 1952 5032 etipse
1974 4968 2034 5033 pro

282 5048 429 5116 codicum
444 5047 586 5114 lectione
608 5050 700 5125 σίνος
722 5046 865 5114 scribere
880 5051 971 5114 πίνον
986 5049 1181 5134 cogebatur,
1204 5051 1252 5118 ita
1272 5057 1311 5118 ut
1325 5050 1536 5118 scholiastum
1557 5050 1695 5133 ἔμπεδον
1716 5053 1809 5116 πίνον
1824 5050 2033 5135 explicavisse
